%YAML 1.1
%TAG !u! tag:unity3d.com,2011:
--- !u!1 &1577438445468889488
GameObject:
  m_ObjectHideFlags: 0
  m_CorrespondingSourceObject: {fileID: 0}
  m_PrefabInstance: {fileID: 0}
  m_PrefabAsset: {fileID: 0}
  serializedVersion: 6
  m_Component:
  - component: {fileID: 3779236930903324488}
  - component: {fileID: 4534969037111437776}
  - component: {fileID: 5919446838591754129}
  - component: {fileID: 7668888983407037745}
  m_Layer: 0
  m_Name: Door (1)-detach (1)
  m_TagString: Untagged
  m_Icon: {fileID: 0}
  m_NavMeshLayer: 0
  m_StaticEditorFlags: 0
  m_IsActive: 1
--- !u!4 &3779236930903324488
Transform:
  m_ObjectHideFlags: 0
  m_CorrespondingSourceObject: {fileID: 0}
  m_PrefabInstance: {fileID: 0}
  m_PrefabAsset: {fileID: 0}
  m_GameObject: {fileID: 1577438445468889488}
  m_LocalRotation: {x: -0, y: -0, z: -0, w: 1}
  m_LocalPosition: {x: 0, y: 0, z: 0}
  m_LocalScale: {x: 1, y: 1, z: 1}
  m_Children: []
  m_Father: {fileID: 2382929130042925048}
  m_RootOrder: 0
  m_LocalEulerAnglesHint: {x: 0, y: 0, z: 0}
--- !u!33 &4534969037111437776
MeshFilter:
  m_ObjectHideFlags: 0
  m_CorrespondingSourceObject: {fileID: 0}
  m_PrefabInstance: {fileID: 0}
  m_PrefabAsset: {fileID: 0}
  m_GameObject: {fileID: 1577438445468889488}
  m_Mesh: {fileID: 0}
--- !u!23 &5919446838591754129
MeshRenderer:
  m_ObjectHideFlags: 0
  m_CorrespondingSourceObject: {fileID: 0}
  m_PrefabInstance: {fileID: 0}
  m_PrefabAsset: {fileID: 0}
  m_GameObject: {fileID: 1577438445468889488}
  m_Enabled: 1
  m_CastShadows: 1
  m_ReceiveShadows: 1
  m_DynamicOccludee: 1
  m_MotionVectors: 1
  m_LightProbeUsage: 1
  m_ReflectionProbeUsage: 1
  m_RenderingLayerMask: 1
  m_RendererPriority: 0
  m_Materials:
  - {fileID: 2100000, guid: 782c57fa94b987041a494948825843fc, type: 2}
  m_StaticBatchInfo:
    firstSubMesh: 0
    subMeshCount: 0
  m_StaticBatchRoot: {fileID: 0}
  m_ProbeAnchor: {fileID: 0}
  m_LightProbeVolumeOverride: {fileID: 0}
  m_ScaleInLightmap: 1
  m_PreserveUVs: 0
  m_IgnoreNormalsForChartDetection: 0
  m_ImportantGI: 0
  m_StitchLightmapSeams: 0
  m_SelectedEditorRenderState: 2
  m_MinimumChartSize: 4
  m_AutoUVMaxDistance: 0.5
  m_AutoUVMaxAngle: 89
  m_LightmapParameters: {fileID: 0}
  m_SortingLayerID: 0
  m_SortingLayer: 0
  m_SortingOrder: 0
--- !u!114 &7668888983407037745
MonoBehaviour:
  m_ObjectHideFlags: 0
  m_CorrespondingSourceObject: {fileID: 0}
  m_PrefabInstance: {fileID: 0}
  m_PrefabAsset: {fileID: 0}
  m_GameObject: {fileID: 1577438445468889488}
  m_Enabled: 1
  m_EditorHideFlags: 0
  m_Script: {fileID: 11500000, guid: 8233d90336aea43098adf6dbabd606a2, type: 3}
  m_Name: 
  m_EditorClassIdentifier: 
  m_MeshFormatVersion: 1
  m_Faces:
  - m_Indexes: 000000000100000002000000030000000000000002000000
    m_SmoothingGroup: 0
    m_Uv:
      m_UseWorldSpace: 0
      m_FlipU: 0
      m_FlipV: 0
      m_SwapUV: 0
      m_Fill: 1
      m_Scale: {x: 1, y: 1}
      m_Offset: {x: 0, y: 0}
      m_Rotation: 0
      m_Anchor: 9
    m_Material: {fileID: 2100000, guid: 73c176f402d2c2f4d929aa5da7585d17, type: 2}
    m_SubmeshIndex: 0
    m_ManualUV: 0
    elementGroup: 0
    m_TextureGroup: 0
  - m_Indexes: 050000000700000004000000050000000600000007000000
    m_SmoothingGroup: 0
    m_Uv:
      m_UseWorldSpace: 0
      m_FlipU: 0
      m_FlipV: 0
      m_SwapUV: 0
      m_Fill: 1
      m_Scale: {x: 1, y: 1}
      m_Offset: {x: 0, y: 0}
      m_Rotation: 0
      m_Anchor: 9
    m_Material: {fileID: 2100000, guid: 73c176f402d2c2f4d929aa5da7585d17, type: 2}
    m_SubmeshIndex: 0
    m_ManualUV: 0
    elementGroup: 0
    m_TextureGroup: 0
  - m_Indexes: 0a00000009000000080000000a0000000b00000009000000
    m_SmoothingGroup: 0
    m_Uv:
      m_UseWorldSpace: 0
      m_FlipU: 0
      m_FlipV: 0
      m_SwapUV: 0
      m_Fill: 1
      m_Scale: {x: 1, y: 1}
      m_Offset: {x: 0, y: 0}
      m_Rotation: 0
      m_Anchor: 9
    m_Material: {fileID: 0}
    m_SubmeshIndex: 0
    m_ManualUV: 0
    elementGroup: -1
    m_TextureGroup: 0
  - m_Indexes: 0e0000000d0000000c0000000e0000000f0000000d000000
    m_SmoothingGroup: 0
    m_Uv:
      m_UseWorldSpace: 0
      m_FlipU: 0
      m_FlipV: 0
      m_SwapUV: 0
      m_Fill: 1
      m_Scale: {x: 1, y: 1}
      m_Offset: {x: 0, y: 0}
      m_Rotation: 0
      m_Anchor: 9
    m_Material: {fileID: 0}
    m_SubmeshIndex: 0
    m_ManualUV: 0
    elementGroup: -1
    m_TextureGroup: 0
  - m_Indexes: 120000001100000010000000120000001300000011000000
    m_SmoothingGroup: 0
    m_Uv:
      m_UseWorldSpace: 0
      m_FlipU: 0
      m_FlipV: 0
      m_SwapUV: 0
      m_Fill: 1
      m_Scale: {x: 1, y: 1}
      m_Offset: {x: 0, y: 0}
      m_Rotation: 0
      m_Anchor: 9
    m_Material: {fileID: 0}
    m_SubmeshIndex: 0
    m_ManualUV: 0
    elementGroup: -1
    m_TextureGroup: 0
  - m_Indexes: 160000001500000014000000160000001700000015000000
    m_SmoothingGroup: 0
    m_Uv:
      m_UseWorldSpace: 0
      m_FlipU: 0
      m_FlipV: 0
      m_SwapUV: 0
      m_Fill: 1
      m_Scale: {x: 1, y: 1}
      m_Offset: {x: 0, y: 0}
      m_Rotation: 0
      m_Anchor: 9
    m_Material: {fileID: 0}
    m_SubmeshIndex: 0
    m_ManualUV: 0
    elementGroup: -1
    m_TextureGroup: 0
  m_SharedVertices:
  - m_Vertices: 00000000080000000d000000
  - m_Vertices: 010000000900000014000000
  - m_Vertices: 020000001000000015000000
  - m_Vertices: 030000000c00000011000000
  - m_Vertices: 050000001200000017000000
  - m_Vertices: 070000000a0000000f000000
  - m_Vertices: 040000000e00000013000000
  - m_Vertices: 060000000b00000016000000
  m_SharedTextures: []
  m_Positions:
  - {x: 0.73, y: 0.995, z: -0.73}
  - {x: 0.26999998, y: 0.995, z: -0.73}
  - {x: 0.26999998, y: 0.995, z: -0.26999998}
  - {x: 0.73, y: 0.995, z: -0.26999998}
  - {x: 0.73, y: 0.004999995, z: -0.26999998}
  - {x: 0.26999998, y: 0.004999995, z: -0.26999998}
  - {x: 0.26999998, y: 0.004999995, z: -0.73}
  - {x: 0.73, y: 0.004999995, z: -0.73}
  - {x: 0.73, y: 0.995, z: -0.73}
  - {x: 0.26999998, y: 0.995, z: -0.73}
  - {x: 0.73, y: 0.004999995, z: -0.73}
  - {x: 0.26999998, y: 0.004999995, z: -0.73}
  - {x: 0.73, y: 0.995, z: -0.26999998}
  - {x: 0.73, y: 0.995, z: -0.73}
  - {x: 0.73, y: 0.004999995, z: -0.26999998}
  - {x: 0.73, y: 0.004999995, z: -0.73}
  - {x: 0.26999998, y: 0.995, z: -0.26999998}
  - {x: 0.73, y: 0.995, z: -0.26999998}
  - {x: 0.26999998, y: 0.004999995, z: -0.26999998}
  - {x: 0.73, y: 0.004999995, z: -0.26999998}
  - {x: 0.26999998, y: 0.995, z: -0.73}
  - {x: 0.26999998, y: 0.995, z: -0.26999998}
  - {x: 0.26999998, y: 0.004999995, z: -0.73}
  - {x: 0.26999998, y: 0.004999995, z: -0.26999998}
  m_Textures0:
  - {x: 0.73, y: -0.73}
  - {x: 0.26999998, y: -0.73}
  - {x: 0.26999998, y: -0.26999998}
  - {x: 0.73, y: -0.26999998}
  - {x: -0.73, y: -0.26999998}
  - {x: -0.26999998, y: -0.26999998}
  - {x: -0.26999998, y: -0.73}
  - {x: -0.73, y: -0.73}
  - {x: 0.73, y: 0.995}
  - {x: 0.26999998, y: 0.995}
  - {x: 0.73, y: 0.004999995}
  - {x: 0.26999998, y: 0.004999995}
  - {x: -0.26999998, y: 0.995}
  - {x: -0.73, y: 0.995}
  - {x: -0.26999998, y: 0.004999995}
  - {x: -0.73, y: 0.004999995}
  - {x: -0.26999998, y: 0.995}
  - {x: -0.73, y: 0.995}
  - {x: -0.26999998, y: 0.004999995}
  - {x: -0.73, y: 0.004999995}
  - {x: 0.73, y: 0.995}
  - {x: 0.26999998, y: 0.995}
  - {x: 0.73, y: 0.004999995}
  - {x: 0.26999998, y: 0.004999995}
  m_Textures2: []
  m_Textures3: []
  m_Tangents:
  - {x: 1, y: 0, z: 0, w: -1}
  - {x: 1, y: 0, z: 0, w: -1}
  - {x: 1, y: 0, z: 0, w: -1}
  - {x: 1, y: 0, z: 0, w: -1}
  - {x: -1, y: 0, z: 0, w: -1}
  - {x: -1, y: 0, z: 0, w: -1}
  - {x: -1, y: 0, z: 0, w: -1}
  - {x: -1, y: 0, z: 0, w: -1}
  - {x: 1, y: 0, z: 0, w: -1}
  - {x: 1, y: 0, z: 0, w: -1}
  - {x: 1, y: 0, z: 0, w: -1}
  - {x: 1, y: 0, z: 0, w: -1}
  - {x: 0, y: 0, z: 1, w: -1}
  - {x: 0, y: 0, z: 1, w: -1}
  - {x: 0, y: 0, z: 1, w: -1}
  - {x: 0, y: 0, z: 1, w: -1}
  - {x: -1, y: 0, z: 0, w: -1}
  - {x: -1, y: 0, z: 0, w: -1}
  - {x: -1, y: 0, z: 0, w: -1}
  - {x: -1, y: 0, z: 0, w: -1}
  - {x: 0, y: 0, z: -1, w: -1}
  - {x: 0, y: 0, z: -1, w: -1}
  - {x: 0, y: 0, z: -1, w: -1}
  - {x: 0, y: 0, z: -1, w: -1}
  m_Colors: []
  m_UnwrapParameters:
    m_HardAngle: 88
    m_PackMargin: 20
    m_AngleError: 8
    m_AreaError: 15
  m_PreserveMeshAssetOnDestroy: 0
  assetGuid: 
  m_IsSelectable: 1
  m_SelectedFaces: 
  m_SelectedEdges:
  - a: 0
    b: 1
  - a: 6
    b: 7
  m_SelectedVertices: 00000000010000000600000007000000
--- !u!1 &2043179756496411460
GameObject:
  m_ObjectHideFlags: 0
  m_CorrespondingSourceObject: {fileID: 0}
  m_PrefabInstance: {fileID: 0}
  m_PrefabAsset: {fileID: 0}
  serializedVersion: 6
  m_Component:
  - component: {fileID: 4185636030018862391}
  - component: {fileID: 5653629086520922594}
  - component: {fileID: 5279680959859419062}
  m_Layer: 0
  m_Name: Lock Orange
  m_TagString: Untagged
  m_Icon: {fileID: 0}
  m_NavMeshLayer: 0
  m_StaticEditorFlags: 0
  m_IsActive: 1
--- !u!4 &4185636030018862391
Transform:
  m_ObjectHideFlags: 0
  m_CorrespondingSourceObject: {fileID: 0}
  m_PrefabInstance: {fileID: 0}
  m_PrefabAsset: {fileID: 0}
  m_GameObject: {fileID: 2043179756496411460}
  m_LocalRotation: {x: -0, y: -0, z: -0, w: 1}
  m_LocalPosition: {x: 0, y: 0, z: 0}
  m_LocalScale: {x: 1, y: 1, z: 1}
  m_Children:
  - {fileID: 183664835107249668}
  - {fileID: 2382929130042925048}
  - {fileID: 8271859776136993618}
  - {fileID: 4927123932002708778}
  m_Father: {fileID: 0}
  m_RootOrder: 0
  m_LocalEulerAnglesHint: {x: 0, y: 0, z: 0}
--- !u!135 &5653629086520922594
SphereCollider:
  m_ObjectHideFlags: 0
  m_CorrespondingSourceObject: {fileID: 0}
  m_PrefabInstance: {fileID: 0}
  m_PrefabAsset: {fileID: 0}
  m_GameObject: {fileID: 2043179756496411460}
  m_Material: {fileID: 0}
  m_IsTrigger: 1
  m_Enabled: 1
  serializedVersion: 2
  m_Radius: 5
  m_Center: {x: 0, y: 0, z: 0}
--- !u!114 &5279680959859419062
MonoBehaviour:
  m_ObjectHideFlags: 0
  m_CorrespondingSourceObject: {fileID: 0}
  m_PrefabInstance: {fileID: 0}
  m_PrefabAsset: {fileID: 0}
  m_GameObject: {fileID: 2043179756496411460}
  m_Enabled: 1
  m_EditorHideFlags: 0
  m_Script: {fileID: 11500000, guid: 318efd2100beb4e42bac289295af727f, type: 3}
  m_Name: 
  m_EditorClassIdentifier: 
  isOpen: 0
  lockColour: 2
--- !u!1 &2365465765284074473
GameObject:
  m_ObjectHideFlags: 0
  m_CorrespondingSourceObject: {fileID: 0}
  m_PrefabInstance: {fileID: 0}
  m_PrefabAsset: {fileID: 0}
  serializedVersion: 6
  m_Component:
  - component: {fileID: 2382929130042925048}
  - component: {fileID: 3539155486906664344}
  - component: {fileID: 63067269559835136}
  - component: {fileID: 346634317970207604}
  - component: {fileID: 5204205392730416354}
  m_Layer: 0
  m_Name: Door (1)-detach (1)
  m_TagString: Untagged
  m_Icon: {fileID: 0}
  m_NavMeshLayer: 0
  m_StaticEditorFlags: 0
  m_IsActive: 1
--- !u!4 &2382929130042925048
Transform:
  m_ObjectHideFlags: 0
  m_CorrespondingSourceObject: {fileID: 0}
  m_PrefabInstance: {fileID: 0}
  m_PrefabAsset: {fileID: 0}
  m_GameObject: {fileID: 2365465765284074473}
  m_LocalRotation: {x: -0, y: -0, z: -0, w: 1}
  m_LocalPosition: {x: -1, y: 0, z: 0}
  m_LocalScale: {x: 1, y: 4, z: 1}
  m_Children:
  - {fileID: 3779236930903324488}
  m_Father: {fileID: 4185636030018862391}
  m_RootOrder: 1
  m_LocalEulerAnglesHint: {x: 0, y: 0, z: 0}
--- !u!33 &3539155486906664344
MeshFilter:
  m_ObjectHideFlags: 0
  m_CorrespondingSourceObject: {fileID: 0}
  m_PrefabInstance: {fileID: 0}
  m_PrefabAsset: {fileID: 0}
  m_GameObject: {fileID: 2365465765284074473}
  m_Mesh: {fileID: 0}
--- !u!23 &63067269559835136
MeshRenderer:
  m_ObjectHideFlags: 0
  m_CorrespondingSourceObject: {fileID: 0}
  m_PrefabInstance: {fileID: 0}
  m_PrefabAsset: {fileID: 0}
  m_GameObject: {fileID: 2365465765284074473}
  m_Enabled: 1
  m_CastShadows: 1
  m_ReceiveShadows: 1
  m_DynamicOccludee: 1
  m_MotionVectors: 1
  m_LightProbeUsage: 1
  m_ReflectionProbeUsage: 1
  m_RenderingLayerMask: 1
  m_RendererPriority: 0
  m_Materials:
  - {fileID: 2100000, guid: 7fe47a3fbb9b3154eb3b866fdc55d89b, type: 2}
  m_StaticBatchInfo:
    firstSubMesh: 0
    subMeshCount: 0
  m_StaticBatchRoot: {fileID: 0}
  m_ProbeAnchor: {fileID: 0}
  m_LightProbeVolumeOverride: {fileID: 0}
  m_ScaleInLightmap: 1
  m_PreserveUVs: 0
  m_IgnoreNormalsForChartDetection: 0
  m_ImportantGI: 0
  m_StitchLightmapSeams: 0
  m_SelectedEditorRenderState: 2
  m_MinimumChartSize: 4
  m_AutoUVMaxDistance: 0.5
  m_AutoUVMaxAngle: 89
  m_LightmapParameters: {fileID: 0}
  m_SortingLayerID: 0
  m_SortingLayer: 0
  m_SortingOrder: 0
--- !u!114 &346634317970207604
MonoBehaviour:
  m_ObjectHideFlags: 0
  m_CorrespondingSourceObject: {fileID: 0}
  m_PrefabInstance: {fileID: 0}
  m_PrefabAsset: {fileID: 0}
  m_GameObject: {fileID: 2365465765284074473}
  m_Enabled: 1
  m_EditorHideFlags: 0
  m_Script: {fileID: 11500000, guid: 8233d90336aea43098adf6dbabd606a2, type: 3}
  m_Name: 
  m_EditorClassIdentifier: 
  m_MeshFormatVersion: 1
  m_Faces:
  - m_Indexes: 000000000100000002000000030000000000000002000000
    m_SmoothingGroup: 0
    m_Uv:
      m_UseWorldSpace: 0
      m_FlipU: 0
      m_FlipV: 0
      m_SwapUV: 0
      m_Fill: 1
      m_Scale: {x: 1, y: 1}
      m_Offset: {x: 0, y: 0}
      m_Rotation: 0
      m_Anchor: 9
    m_Material: {fileID: 2100000, guid: 73c176f402d2c2f4d929aa5da7585d17, type: 2}
    m_SubmeshIndex: 0
    m_ManualUV: 0
    elementGroup: 0
    m_TextureGroup: 0
  - m_Indexes: 050000000700000004000000050000000600000007000000
    m_SmoothingGroup: 0
    m_Uv:
      m_UseWorldSpace: 0
      m_FlipU: 0
      m_FlipV: 0
      m_SwapUV: 0
      m_Fill: 1
      m_Scale: {x: 1, y: 1}
      m_Offset: {x: 0, y: 0}
      m_Rotation: 0
      m_Anchor: 9
    m_Material: {fileID: 2100000, guid: 73c176f402d2c2f4d929aa5da7585d17, type: 2}
    m_SubmeshIndex: 0
    m_ManualUV: 0
    elementGroup: 0
    m_TextureGroup: 0
  - m_Indexes: 0a00000009000000080000000a0000000b00000009000000
    m_SmoothingGroup: 0
    m_Uv:
      m_UseWorldSpace: 0
      m_FlipU: 0
      m_FlipV: 0
      m_SwapUV: 0
      m_Fill: 1
      m_Scale: {x: 1, y: 1}
      m_Offset: {x: 0, y: 0}
      m_Rotation: 0
      m_Anchor: 9
    m_Material: {fileID: 0}
    m_SubmeshIndex: 0
    m_ManualUV: 0
    elementGroup: -1
    m_TextureGroup: 0
  - m_Indexes: 0e0000000d0000000c0000000e0000000f0000000d000000
    m_SmoothingGroup: 0
    m_Uv:
      m_UseWorldSpace: 0
      m_FlipU: 0
      m_FlipV: 0
      m_SwapUV: 0
      m_Fill: 1
      m_Scale: {x: 1, y: 1}
      m_Offset: {x: 0, y: 0}
      m_Rotation: 0
      m_Anchor: 9
    m_Material: {fileID: 0}
    m_SubmeshIndex: 0
    m_ManualUV: 0
    elementGroup: -1
    m_TextureGroup: 0
  - m_Indexes: 120000001100000010000000120000001300000011000000
    m_SmoothingGroup: 0
    m_Uv:
      m_UseWorldSpace: 0
      m_FlipU: 0
      m_FlipV: 0
      m_SwapUV: 0
      m_Fill: 1
      m_Scale: {x: 1, y: 1}
      m_Offset: {x: 0, y: 0}
      m_Rotation: 0
      m_Anchor: 9
    m_Material: {fileID: 0}
    m_SubmeshIndex: 0
    m_ManualUV: 0
    elementGroup: -1
    m_TextureGroup: 0
  - m_Indexes: 160000001500000014000000160000001700000015000000
    m_SmoothingGroup: 0
    m_Uv:
      m_UseWorldSpace: 0
      m_FlipU: 0
      m_FlipV: 0
      m_SwapUV: 0
      m_Fill: 1
      m_Scale: {x: 1, y: 1}
      m_Offset: {x: 0, y: 0}
      m_Rotation: 0
      m_Anchor: 9
    m_Material: {fileID: 0}
    m_SubmeshIndex: 0
    m_ManualUV: 0
    elementGroup: -1
    m_TextureGroup: 0
  m_SharedVertices:
  - m_Vertices: 00000000080000000d000000
  - m_Vertices: 010000000900000014000000
  - m_Vertices: 020000001000000015000000
  - m_Vertices: 030000000c00000011000000
  - m_Vertices: 050000001200000017000000
  - m_Vertices: 070000000a0000000f000000
  - m_Vertices: 040000000e00000013000000
  - m_Vertices: 060000000b00000016000000
  m_SharedTextures: []
  m_Positions:
  - {x: 0.75, y: 1, z: -0.75}
  - {x: 0.25, y: 1, z: -0.75}
  - {x: 0.25, y: 1, z: -0.25}
  - {x: 0.75, y: 1, z: -0.25}
  - {x: 0.75, y: 0, z: -0.25}
  - {x: 0.25, y: 0, z: -0.25}
  - {x: 0.25, y: 0, z: -0.75}
  - {x: 0.75, y: 0, z: -0.75}
  - {x: 0.75, y: 1, z: -0.75}
  - {x: 0.25, y: 1, z: -0.75}
  - {x: 0.75, y: 0, z: -0.75}
  - {x: 0.25, y: 0, z: -0.75}
  - {x: 0.75, y: 1, z: -0.25}
  - {x: 0.75, y: 1, z: -0.75}
  - {x: 0.75, y: 0, z: -0.25}
  - {x: 0.75, y: 0, z: -0.75}
  - {x: 0.25, y: 1, z: -0.25}
  - {x: 0.75, y: 1, z: -0.25}
  - {x: 0.25, y: 0, z: -0.25}
  - {x: 0.75, y: 0, z: -0.25}
  - {x: 0.25, y: 1, z: -0.75}
  - {x: 0.25, y: 1, z: -0.25}
  - {x: 0.25, y: 0, z: -0.75}
  - {x: 0.25, y: 0, z: -0.25}
  m_Textures0:
  - {x: 0.75, y: -0.75}
  - {x: 0.25, y: -0.75}
  - {x: 0.25, y: -0.25}
  - {x: 0.75, y: -0.25}
  - {x: -0.75, y: -0.25}
  - {x: -0.25, y: -0.25}
  - {x: -0.25, y: -0.75}
  - {x: -0.75, y: -0.75}
  - {x: 0.75, y: 1}
  - {x: 0.25, y: 1}
  - {x: 0.75, y: 0}
  - {x: 0.25, y: 0}
  - {x: -0.25, y: 1}
  - {x: -0.75, y: 1}
  - {x: -0.25, y: 0}
  - {x: -0.75, y: 0}
  - {x: -0.25, y: 1}
  - {x: -0.75, y: 1}
  - {x: -0.25, y: 0}
  - {x: -0.75, y: 0}
  - {x: 0.75, y: 1}
  - {x: 0.25, y: 1}
  - {x: 0.75, y: 0}
  - {x: 0.25, y: 0}
  m_Textures2: []
  m_Textures3: []
  m_Tangents:
  - {x: 1, y: 0, z: 0, w: -1}
  - {x: 1, y: 0, z: 0, w: -1}
  - {x: 1, y: 0, z: 0, w: -1}
  - {x: 1, y: 0, z: 0, w: -1}
  - {x: -1, y: 0, z: 0, w: -1}
  - {x: -1, y: 0, z: 0, w: -1}
  - {x: -1, y: 0, z: 0, w: -1}
  - {x: -1, y: 0, z: 0, w: -1}
  - {x: 1, y: 0, z: 0, w: -1}
  - {x: 1, y: 0, z: 0, w: -1}
  - {x: 1, y: 0, z: 0, w: -1}
  - {x: 1, y: 0, z: 0, w: -1}
  - {x: 0, y: 0, z: 1, w: -1}
  - {x: 0, y: 0, z: 1, w: -1}
  - {x: 0, y: 0, z: 1, w: -1}
  - {x: 0, y: 0, z: 1, w: -1}
  - {x: -1, y: 0, z: 0, w: -1}
  - {x: -1, y: 0, z: 0, w: -1}
  - {x: -1, y: 0, z: 0, w: -1}
  - {x: -1, y: 0, z: 0, w: -1}
  - {x: 0, y: 0, z: -1, w: -1}
  - {x: 0, y: 0, z: -1, w: -1}
  - {x: 0, y: 0, z: -1, w: -1}
  - {x: 0, y: 0, z: -1, w: -1}
  m_Colors: []
  m_UnwrapParameters:
    m_HardAngle: 88
    m_PackMargin: 20
    m_AngleError: 8
    m_AreaError: 15
  m_PreserveMeshAssetOnDestroy: 0
  assetGuid: 
  m_IsSelectable: 1
  m_SelectedFaces: 
  m_SelectedEdges: []
  m_SelectedVertices: 02000000
--- !u!65 &5204205392730416354
BoxCollider:
  m_ObjectHideFlags: 0
  m_CorrespondingSourceObject: {fileID: 0}
  m_PrefabInstance: {fileID: 0}
  m_PrefabAsset: {fileID: 0}
  m_GameObject: {fileID: 2365465765284074473}
  m_Material: {fileID: 0}
  m_IsTrigger: 0
  m_Enabled: 1
  serializedVersion: 2
  m_Size: {x: 0.5, y: 1, z: 0.5}
  m_Center: {x: 0.5, y: 0.5, z: -0.5}
--- !u!1 &2388641781508699187
GameObject:
  m_ObjectHideFlags: 0
  m_CorrespondingSourceObject: {fileID: 0}
  m_PrefabInstance: {fileID: 0}
  m_PrefabAsset: {fileID: 0}
  serializedVersion: 6
  m_Component:
  - component: {fileID: 1453937996931815030}
  - component: {fileID: 1632951850725182439}
  - component: {fileID: 2646057183881570585}
  - component: {fileID: 3988619761511467734}
  m_Layer: 0
  m_Name: Door (1)-detach (1)
  m_TagString: Untagged
  m_Icon: {fileID: 0}
  m_NavMeshLayer: 0
  m_StaticEditorFlags: 0
  m_IsActive: 1
--- !u!4 &1453937996931815030
Transform:
  m_ObjectHideFlags: 0
  m_CorrespondingSourceObject: {fileID: 0}
  m_PrefabInstance: {fileID: 0}
  m_PrefabAsset: {fileID: 0}
  m_GameObject: {fileID: 2388641781508699187}
  m_LocalRotation: {x: -0, y: -0, z: -0, w: 1}
  m_LocalPosition: {x: 0, y: 0, z: 0}
  m_LocalScale: {x: 1, y: 1, z: 1}
  m_Children: []
  m_Father: {fileID: 8271859776136993618}
  m_RootOrder: 0
  m_LocalEulerAnglesHint: {x: 0, y: 0, z: 0}
--- !u!33 &1632951850725182439
MeshFilter:
  m_ObjectHideFlags: 0
  m_CorrespondingSourceObject: {fileID: 0}
  m_PrefabInstance: {fileID: 0}
  m_PrefabAsset: {fileID: 0}
  m_GameObject: {fileID: 2388641781508699187}
  m_Mesh: {fileID: 0}
--- !u!23 &2646057183881570585
MeshRenderer:
  m_ObjectHideFlags: 0
  m_CorrespondingSourceObject: {fileID: 0}
  m_PrefabInstance: {fileID: 0}
  m_PrefabAsset: {fileID: 0}
  m_GameObject: {fileID: 2388641781508699187}
  m_Enabled: 1
  m_CastShadows: 1
  m_ReceiveShadows: 1
  m_DynamicOccludee: 1
  m_MotionVectors: 1
  m_LightProbeUsage: 1
  m_ReflectionProbeUsage: 1
  m_RenderingLayerMask: 1
  m_RendererPriority: 0
  m_Materials:
  - {fileID: 2100000, guid: 782c57fa94b987041a494948825843fc, type: 2}
  m_StaticBatchInfo:
    firstSubMesh: 0
    subMeshCount: 0
  m_StaticBatchRoot: {fileID: 0}
  m_ProbeAnchor: {fileID: 0}
  m_LightProbeVolumeOverride: {fileID: 0}
  m_ScaleInLightmap: 1
  m_PreserveUVs: 0
  m_IgnoreNormalsForChartDetection: 0
  m_ImportantGI: 0
  m_StitchLightmapSeams: 0
  m_SelectedEditorRenderState: 2
  m_MinimumChartSize: 4
  m_AutoUVMaxDistance: 0.5
  m_AutoUVMaxAngle: 89
  m_LightmapParameters: {fileID: 0}
  m_SortingLayerID: 0
  m_SortingLayer: 0
  m_SortingOrder: 0
--- !u!114 &3988619761511467734
MonoBehaviour:
  m_ObjectHideFlags: 0
  m_CorrespondingSourceObject: {fileID: 0}
  m_PrefabInstance: {fileID: 0}
  m_PrefabAsset: {fileID: 0}
  m_GameObject: {fileID: 2388641781508699187}
  m_Enabled: 1
  m_EditorHideFlags: 0
  m_Script: {fileID: 11500000, guid: 8233d90336aea43098adf6dbabd606a2, type: 3}
  m_Name: 
  m_EditorClassIdentifier: 
  m_MeshFormatVersion: 1
  m_Faces:
  - m_Indexes: 000000000100000002000000030000000000000002000000
    m_SmoothingGroup: 0
    m_Uv:
      m_UseWorldSpace: 0
      m_FlipU: 0
      m_FlipV: 0
      m_SwapUV: 0
      m_Fill: 1
      m_Scale: {x: 1, y: 1}
      m_Offset: {x: 0, y: 0}
      m_Rotation: 0
      m_Anchor: 9
    m_Material: {fileID: 2100000, guid: 73c176f402d2c2f4d929aa5da7585d17, type: 2}
    m_SubmeshIndex: 0
    m_ManualUV: 0
    elementGroup: 0
    m_TextureGroup: 0
  - m_Indexes: 050000000700000004000000050000000600000007000000
    m_SmoothingGroup: 0
    m_Uv:
      m_UseWorldSpace: 0
      m_FlipU: 0
      m_FlipV: 0
      m_SwapUV: 0
      m_Fill: 1
      m_Scale: {x: 1, y: 1}
      m_Offset: {x: 0, y: 0}
      m_Rotation: 0
      m_Anchor: 9
    m_Material: {fileID: 2100000, guid: 73c176f402d2c2f4d929aa5da7585d17, type: 2}
    m_SubmeshIndex: 0
    m_ManualUV: 0
    elementGroup: 0
    m_TextureGroup: 0
  - m_Indexes: 0a00000009000000080000000a0000000b00000009000000
    m_SmoothingGroup: 0
    m_Uv:
      m_UseWorldSpace: 0
      m_FlipU: 0
      m_FlipV: 0
      m_SwapUV: 0
      m_Fill: 1
      m_Scale: {x: 1, y: 1}
      m_Offset: {x: 0, y: 0}
      m_Rotation: 0
      m_Anchor: 9
    m_Material: {fileID: 0}
    m_SubmeshIndex: 0
    m_ManualUV: 0
    elementGroup: -1
    m_TextureGroup: 0
  - m_Indexes: 0e0000000d0000000c0000000e0000000f0000000d000000
    m_SmoothingGroup: 0
    m_Uv:
      m_UseWorldSpace: 0
      m_FlipU: 0
      m_FlipV: 0
      m_SwapUV: 0
      m_Fill: 1
      m_Scale: {x: 1, y: 1}
      m_Offset: {x: 0, y: 0}
      m_Rotation: 0
      m_Anchor: 9
    m_Material: {fileID: 0}
    m_SubmeshIndex: 0
    m_ManualUV: 0
    elementGroup: -1
    m_TextureGroup: 0
  - m_Indexes: 120000001100000010000000120000001300000011000000
    m_SmoothingGroup: 0
    m_Uv:
      m_UseWorldSpace: 0
      m_FlipU: 0
      m_FlipV: 0
      m_SwapUV: 0
      m_Fill: 1
      m_Scale: {x: 1, y: 1}
      m_Offset: {x: 0, y: 0}
      m_Rotation: 0
      m_Anchor: 9
    m_Material: {fileID: 0}
    m_SubmeshIndex: 0
    m_ManualUV: 0
    elementGroup: -1
    m_TextureGroup: 0
  - m_Indexes: 160000001500000014000000160000001700000015000000
    m_SmoothingGroup: 0
    m_Uv:
      m_UseWorldSpace: 0
      m_FlipU: 0
      m_FlipV: 0
      m_SwapUV: 0
      m_Fill: 1
      m_Scale: {x: 1, y: 1}
      m_Offset: {x: 0, y: 0}
      m_Rotation: 0
      m_Anchor: 9
    m_Material: {fileID: 0}
    m_SubmeshIndex: 0
    m_ManualUV: 0
    elementGroup: -1
    m_TextureGroup: 0
  m_SharedVertices:
  - m_Vertices: 00000000080000000d000000
  - m_Vertices: 010000000900000014000000
  - m_Vertices: 020000001000000015000000
  - m_Vertices: 030000000c00000011000000
  - m_Vertices: 050000001200000017000000
  - m_Vertices: 070000000a0000000f000000
  - m_Vertices: 040000000e00000013000000
  - m_Vertices: 060000000b00000016000000
  m_SharedTextures: []
  m_Positions:
  - {x: 0.73, y: 0.995, z: -0.73}
  - {x: 0.26999998, y: 0.995, z: -0.73}
  - {x: 0.26999998, y: 0.995, z: -0.26999998}
  - {x: 0.73, y: 0.995, z: -0.26999998}
  - {x: 0.73, y: 0.004999995, z: -0.26999998}
  - {x: 0.26999998, y: 0.004999995, z: -0.26999998}
  - {x: 0.26999998, y: 0.004999995, z: -0.73}
  - {x: 0.73, y: 0.004999995, z: -0.73}
  - {x: 0.73, y: 0.995, z: -0.73}
  - {x: 0.26999998, y: 0.995, z: -0.73}
  - {x: 0.73, y: 0.004999995, z: -0.73}
  - {x: 0.26999998, y: 0.004999995, z: -0.73}
  - {x: 0.73, y: 0.995, z: -0.26999998}
  - {x: 0.73, y: 0.995, z: -0.73}
  - {x: 0.73, y: 0.004999995, z: -0.26999998}
  - {x: 0.73, y: 0.004999995, z: -0.73}
  - {x: 0.26999998, y: 0.995, z: -0.26999998}
  - {x: 0.73, y: 0.995, z: -0.26999998}
  - {x: 0.26999998, y: 0.004999995, z: -0.26999998}
  - {x: 0.73, y: 0.004999995, z: -0.26999998}
  - {x: 0.26999998, y: 0.995, z: -0.73}
  - {x: 0.26999998, y: 0.995, z: -0.26999998}
  - {x: 0.26999998, y: 0.004999995, z: -0.73}
  - {x: 0.26999998, y: 0.004999995, z: -0.26999998}
  m_Textures0:
  - {x: 0.73, y: -0.73}
  - {x: 0.26999998, y: -0.73}
  - {x: 0.26999998, y: -0.26999998}
  - {x: 0.73, y: -0.26999998}
  - {x: -0.73, y: -0.26999998}
  - {x: -0.26999998, y: -0.26999998}
  - {x: -0.26999998, y: -0.73}
  - {x: -0.73, y: -0.73}
  - {x: 0.73, y: 0.995}
  - {x: 0.26999998, y: 0.995}
  - {x: 0.73, y: 0.004999995}
  - {x: 0.26999998, y: 0.004999995}
  - {x: -0.26999998, y: 0.995}
  - {x: -0.73, y: 0.995}
  - {x: -0.26999998, y: 0.004999995}
  - {x: -0.73, y: 0.004999995}
  - {x: -0.26999998, y: 0.995}
  - {x: -0.73, y: 0.995}
  - {x: -0.26999998, y: 0.004999995}
  - {x: -0.73, y: 0.004999995}
  - {x: 0.73, y: 0.995}
  - {x: 0.26999998, y: 0.995}
  - {x: 0.73, y: 0.004999995}
  - {x: 0.26999998, y: 0.004999995}
  m_Textures2: []
  m_Textures3: []
  m_Tangents:
  - {x: 1, y: 0, z: 0, w: -1}
  - {x: 1, y: 0, z: 0, w: -1}
  - {x: 1, y: 0, z: 0, w: -1}
  - {x: 1, y: 0, z: 0, w: -1}
  - {x: -1, y: 0, z: 0, w: -1}
  - {x: -1, y: 0, z: 0, w: -1}
  - {x: -1, y: 0, z: 0, w: -1}
  - {x: -1, y: 0, z: 0, w: -1}
  - {x: 1, y: 0, z: 0, w: -1}
  - {x: 1, y: 0, z: 0, w: -1}
  - {x: 1, y: 0, z: 0, w: -1}
  - {x: 1, y: 0, z: 0, w: -1}
  - {x: 0, y: 0, z: 1, w: -1}
  - {x: 0, y: 0, z: 1, w: -1}
  - {x: 0, y: 0, z: 1, w: -1}
  - {x: 0, y: 0, z: 1, w: -1}
  - {x: -1, y: 0, z: 0, w: -1}
  - {x: -1, y: 0, z: 0, w: -1}
  - {x: -1, y: 0, z: 0, w: -1}
  - {x: -1, y: 0, z: 0, w: -1}
  - {x: 0, y: 0, z: -1, w: -1}
  - {x: 0, y: 0, z: -1, w: -1}
  - {x: 0, y: 0, z: -1, w: -1}
  - {x: 0, y: 0, z: -1, w: -1}
  m_Colors: []
  m_UnwrapParameters:
    m_HardAngle: 88
    m_PackMargin: 20
    m_AngleError: 8
    m_AreaError: 15
  m_PreserveMeshAssetOnDestroy: 0
  assetGuid: 
  m_IsSelectable: 1
  m_SelectedFaces: 
  m_SelectedEdges:
  - a: 0
    b: 1
  - a: 6
    b: 7
  m_SelectedVertices: 00000000010000000600000007000000
--- !u!1 &3029135000404665564
GameObject:
  m_ObjectHideFlags: 0
  m_CorrespondingSourceObject: {fileID: 0}
  m_PrefabInstance: {fileID: 0}
  m_PrefabAsset: {fileID: 0}
  serializedVersion: 6
  m_Component:
  - component: {fileID: 8271859776136993618}
  - component: {fileID: 3270937728435279711}
  - component: {fileID: 2993149108052419466}
  - component: {fileID: 5166454238767315876}
  - component: {fileID: 2018676827887049904}
  m_Layer: 0
  m_Name: Door (1)-detach (2)
  m_TagString: Untagged
  m_Icon: {fileID: 0}
  m_NavMeshLayer: 0
  m_StaticEditorFlags: 0
  m_IsActive: 1
--- !u!4 &8271859776136993618
Transform:
  m_ObjectHideFlags: 0
  m_CorrespondingSourceObject: {fileID: 0}
  m_PrefabInstance: {fileID: 0}
  m_PrefabAsset: {fileID: 0}
  m_GameObject: {fileID: 3029135000404665564}
  m_LocalRotation: {x: -0, y: -0, z: -0, w: 1}
  m_LocalPosition: {x: 0, y: 0, z: 0}
  m_LocalScale: {x: 1, y: 4, z: 1}
  m_Children:
  - {fileID: 1453937996931815030}
  m_Father: {fileID: 4185636030018862391}
  m_RootOrder: 2
  m_LocalEulerAnglesHint: {x: 0, y: 0, z: 0}
--- !u!33 &3270937728435279711
MeshFilter:
  m_ObjectHideFlags: 0
  m_CorrespondingSourceObject: {fileID: 0}
  m_PrefabInstance: {fileID: 0}
  m_PrefabAsset: {fileID: 0}
  m_GameObject: {fileID: 3029135000404665564}
  m_Mesh: {fileID: 0}
--- !u!23 &2993149108052419466
MeshRenderer:
  m_ObjectHideFlags: 0
  m_CorrespondingSourceObject: {fileID: 0}
  m_PrefabInstance: {fileID: 0}
  m_PrefabAsset: {fileID: 0}
  m_GameObject: {fileID: 3029135000404665564}
  m_Enabled: 1
  m_CastShadows: 1
  m_ReceiveShadows: 1
  m_DynamicOccludee: 1
  m_MotionVectors: 1
  m_LightProbeUsage: 1
  m_ReflectionProbeUsage: 1
  m_RenderingLayerMask: 1
  m_RendererPriority: 0
  m_Materials:
  - {fileID: 2100000, guid: 7fe47a3fbb9b3154eb3b866fdc55d89b, type: 2}
  m_StaticBatchInfo:
    firstSubMesh: 0
    subMeshCount: 0
  m_StaticBatchRoot: {fileID: 0}
  m_ProbeAnchor: {fileID: 0}
  m_LightProbeVolumeOverride: {fileID: 0}
  m_ScaleInLightmap: 1
  m_PreserveUVs: 0
  m_IgnoreNormalsForChartDetection: 0
  m_ImportantGI: 0
  m_StitchLightmapSeams: 0
  m_SelectedEditorRenderState: 2
  m_MinimumChartSize: 4
  m_AutoUVMaxDistance: 0.5
  m_AutoUVMaxAngle: 89
  m_LightmapParameters: {fileID: 0}
  m_SortingLayerID: 0
  m_SortingLayer: 0
  m_SortingOrder: 0
--- !u!114 &5166454238767315876
MonoBehaviour:
  m_ObjectHideFlags: 0
  m_CorrespondingSourceObject: {fileID: 0}
  m_PrefabInstance: {fileID: 0}
  m_PrefabAsset: {fileID: 0}
  m_GameObject: {fileID: 3029135000404665564}
  m_Enabled: 1
  m_EditorHideFlags: 0
  m_Script: {fileID: 11500000, guid: 8233d90336aea43098adf6dbabd606a2, type: 3}
  m_Name: 
  m_EditorClassIdentifier: 
  m_MeshFormatVersion: 1
  m_Faces:
  - m_Indexes: 000000000100000002000000030000000000000002000000
    m_SmoothingGroup: 0
    m_Uv:
      m_UseWorldSpace: 0
      m_FlipU: 0
      m_FlipV: 0
      m_SwapUV: 0
      m_Fill: 1
      m_Scale: {x: 1, y: 1}
      m_Offset: {x: 0, y: 0}
      m_Rotation: 0
      m_Anchor: 9
    m_Material: {fileID: 2100000, guid: 73c176f402d2c2f4d929aa5da7585d17, type: 2}
    m_SubmeshIndex: 0
    m_ManualUV: 0
    elementGroup: 0
    m_TextureGroup: 0
  - m_Indexes: 050000000700000004000000050000000600000007000000
    m_SmoothingGroup: 0
    m_Uv:
      m_UseWorldSpace: 0
      m_FlipU: 0
      m_FlipV: 0
      m_SwapUV: 0
      m_Fill: 1
      m_Scale: {x: 1, y: 1}
      m_Offset: {x: 0, y: 0}
      m_Rotation: 0
      m_Anchor: 9
    m_Material: {fileID: 2100000, guid: 73c176f402d2c2f4d929aa5da7585d17, type: 2}
    m_SubmeshIndex: 0
    m_ManualUV: 0
    elementGroup: 0
    m_TextureGroup: 0
  - m_Indexes: 0a00000009000000080000000a0000000b00000009000000
    m_SmoothingGroup: 0
    m_Uv:
      m_UseWorldSpace: 0
      m_FlipU: 0
      m_FlipV: 0
      m_SwapUV: 0
      m_Fill: 1
      m_Scale: {x: 1, y: 1}
      m_Offset: {x: 0, y: 0}
      m_Rotation: 0
      m_Anchor: 9
    m_Material: {fileID: 0}
    m_SubmeshIndex: 0
    m_ManualUV: 0
    elementGroup: -1
    m_TextureGroup: 0
  - m_Indexes: 0e0000000d0000000c0000000e0000000f0000000d000000
    m_SmoothingGroup: 0
    m_Uv:
      m_UseWorldSpace: 0
      m_FlipU: 0
      m_FlipV: 0
      m_SwapUV: 0
      m_Fill: 1
      m_Scale: {x: 1, y: 1}
      m_Offset: {x: 0, y: 0}
      m_Rotation: 0
      m_Anchor: 9
    m_Material: {fileID: 0}
    m_SubmeshIndex: 0
    m_ManualUV: 0
    elementGroup: -1
    m_TextureGroup: 0
  - m_Indexes: 120000001100000010000000120000001300000011000000
    m_SmoothingGroup: 0
    m_Uv:
      m_UseWorldSpace: 0
      m_FlipU: 0
      m_FlipV: 0
      m_SwapUV: 0
      m_Fill: 1
      m_Scale: {x: 1, y: 1}
      m_Offset: {x: 0, y: 0}
      m_Rotation: 0
      m_Anchor: 9
    m_Material: {fileID: 0}
    m_SubmeshIndex: 0
    m_ManualUV: 0
    elementGroup: -1
    m_TextureGroup: 0
  - m_Indexes: 160000001500000014000000160000001700000015000000
    m_SmoothingGroup: 0
    m_Uv:
      m_UseWorldSpace: 0
      m_FlipU: 0
      m_FlipV: 0
      m_SwapUV: 0
      m_Fill: 1
      m_Scale: {x: 1, y: 1}
      m_Offset: {x: 0, y: 0}
      m_Rotation: 0
      m_Anchor: 9
    m_Material: {fileID: 0}
    m_SubmeshIndex: 0
    m_ManualUV: 0
    elementGroup: -1
    m_TextureGroup: 0
  m_SharedVertices:
  - m_Vertices: 00000000080000000d000000
  - m_Vertices: 010000000900000014000000
  - m_Vertices: 020000001000000015000000
  - m_Vertices: 030000000c00000011000000
  - m_Vertices: 050000001200000017000000
  - m_Vertices: 070000000a0000000f000000
  - m_Vertices: 040000000e00000013000000
  - m_Vertices: 060000000b00000016000000
  m_SharedTextures: []
  m_Positions:
  - {x: 0.75, y: 1, z: -0.75}
  - {x: 0.25, y: 1, z: -0.75}
  - {x: 0.25, y: 1, z: -0.25}
  - {x: 0.75, y: 1, z: -0.25}
  - {x: 0.75, y: 0, z: -0.25}
  - {x: 0.25, y: 0, z: -0.25}
  - {x: 0.25, y: 0, z: -0.75}
  - {x: 0.75, y: 0, z: -0.75}
  - {x: 0.75, y: 1, z: -0.75}
  - {x: 0.25, y: 1, z: -0.75}
  - {x: 0.75, y: 0, z: -0.75}
  - {x: 0.25, y: 0, z: -0.75}
  - {x: 0.75, y: 1, z: -0.25}
  - {x: 0.75, y: 1, z: -0.75}
  - {x: 0.75, y: 0, z: -0.25}
  - {x: 0.75, y: 0, z: -0.75}
  - {x: 0.25, y: 1, z: -0.25}
  - {x: 0.75, y: 1, z: -0.25}
  - {x: 0.25, y: 0, z: -0.25}
  - {x: 0.75, y: 0, z: -0.25}
  - {x: 0.25, y: 1, z: -0.75}
  - {x: 0.25, y: 1, z: -0.25}
  - {x: 0.25, y: 0, z: -0.75}
  - {x: 0.25, y: 0, z: -0.25}
  m_Textures0:
  - {x: 0.75, y: -0.75}
  - {x: 0.25, y: -0.75}
  - {x: 0.25, y: -0.25}
  - {x: 0.75, y: -0.25}
  - {x: -0.75, y: -0.25}
  - {x: -0.25, y: -0.25}
  - {x: -0.25, y: -0.75}
  - {x: -0.75, y: -0.75}
  - {x: 0.75, y: 1}
  - {x: 0.25, y: 1}
  - {x: 0.75, y: 0}
  - {x: 0.25, y: 0}
  - {x: -0.25, y: 1}
  - {x: -0.75, y: 1}
  - {x: -0.25, y: 0}
  - {x: -0.75, y: 0}
  - {x: -0.25, y: 1}
  - {x: -0.75, y: 1}
  - {x: -0.25, y: 0}
  - {x: -0.75, y: 0}
  - {x: 0.75, y: 1}
  - {x: 0.25, y: 1}
  - {x: 0.75, y: 0}
  - {x: 0.25, y: 0}
  m_Textures2: []
  m_Textures3: []
  m_Tangents:
  - {x: 1, y: 0, z: 0, w: -1}
  - {x: 1, y: 0, z: 0, w: -1}
  - {x: 1, y: 0, z: 0, w: -1}
  - {x: 1, y: 0, z: 0, w: -1}
  - {x: -1, y: 0, z: 0, w: -1}
  - {x: -1, y: 0, z: 0, w: -1}
  - {x: -1, y: 0, z: 0, w: -1}
  - {x: -1, y: 0, z: 0, w: -1}
  - {x: 1, y: 0, z: 0, w: -1}
  - {x: 1, y: 0, z: 0, w: -1}
  - {x: 1, y: 0, z: 0, w: -1}
  - {x: 1, y: 0, z: 0, w: -1}
  - {x: 0, y: 0, z: 1, w: -1}
  - {x: 0, y: 0, z: 1, w: -1}
  - {x: 0, y: 0, z: 1, w: -1}
  - {x: 0, y: 0, z: 1, w: -1}
  - {x: -1, y: 0, z: 0, w: -1}
  - {x: -1, y: 0, z: 0, w: -1}
  - {x: -1, y: 0, z: 0, w: -1}
  - {x: -1, y: 0, z: 0, w: -1}
  - {x: 0, y: 0, z: -1, w: -1}
  - {x: 0, y: 0, z: -1, w: -1}
  - {x: 0, y: 0, z: -1, w: -1}
  - {x: 0, y: 0, z: -1, w: -1}
  m_Colors: []
  m_UnwrapParameters:
    m_HardAngle: 88
    m_PackMargin: 20
    m_AngleError: 8
    m_AreaError: 15
  m_PreserveMeshAssetOnDestroy: 0
  assetGuid: 
  m_IsSelectable: 1
  m_SelectedFaces: 
  m_SelectedEdges: []
  m_SelectedVertices: 02000000
--- !u!65 &2018676827887049904
BoxCollider:
  m_ObjectHideFlags: 0
  m_CorrespondingSourceObject: {fileID: 0}
  m_PrefabInstance: {fileID: 0}
  m_PrefabAsset: {fileID: 0}
  m_GameObject: {fileID: 3029135000404665564}
  m_Material: {fileID: 0}
  m_IsTrigger: 0
  m_Enabled: 1
  serializedVersion: 2
  m_Size: {x: 0.5, y: 1, z: 0.5}
  m_Center: {x: 0.5, y: 0.5, z: -0.5}
--- !u!1 &3058478039973723199
GameObject:
  m_ObjectHideFlags: 0
  m_CorrespondingSourceObject: {fileID: 0}
  m_PrefabInstance: {fileID: 0}
  m_PrefabAsset: {fileID: 0}
  serializedVersion: 6
  m_Component:
  - component: {fileID: 4927123932002708778}
  - component: {fileID: 8676183265536615906}
  - component: {fileID: 4850926729474389558}
  - component: {fileID: 6113153150603452744}
  - component: {fileID: 3086544706034996418}
  m_Layer: 0
  m_Name: Door (1)-detach (3)
  m_TagString: Untagged
  m_Icon: {fileID: 0}
  m_NavMeshLayer: 0
  m_StaticEditorFlags: 0
  m_IsActive: 1
--- !u!4 &4927123932002708778
Transform:
  m_ObjectHideFlags: 0
  m_CorrespondingSourceObject: {fileID: 0}
  m_PrefabInstance: {fileID: 0}
  m_PrefabAsset: {fileID: 0}
  m_GameObject: {fileID: 3058478039973723199}
  m_LocalRotation: {x: -0, y: -0, z: -0, w: 1}
  m_LocalPosition: {x: 1, y: 0, z: 0}
  m_LocalScale: {x: 1, y: 4, z: 1}
  m_Children:
  - {fileID: 7648073846193013666}
  m_Father: {fileID: 4185636030018862391}
  m_RootOrder: 3
  m_LocalEulerAnglesHint: {x: 0, y: 0, z: 0}
--- !u!33 &8676183265536615906
MeshFilter:
  m_ObjectHideFlags: 0
  m_CorrespondingSourceObject: {fileID: 0}
  m_PrefabInstance: {fileID: 0}
  m_PrefabAsset: {fileID: 0}
  m_GameObject: {fileID: 3058478039973723199}
  m_Mesh: {fileID: 0}
--- !u!23 &4850926729474389558
MeshRenderer:
  m_ObjectHideFlags: 0
  m_CorrespondingSourceObject: {fileID: 0}
  m_PrefabInstance: {fileID: 0}
  m_PrefabAsset: {fileID: 0}
  m_GameObject: {fileID: 3058478039973723199}
  m_Enabled: 1
  m_CastShadows: 1
  m_ReceiveShadows: 1
  m_DynamicOccludee: 1
  m_MotionVectors: 1
  m_LightProbeUsage: 1
  m_ReflectionProbeUsage: 1
  m_RenderingLayerMask: 1
  m_RendererPriority: 0
  m_Materials:
  - {fileID: 2100000, guid: 7fe47a3fbb9b3154eb3b866fdc55d89b, type: 2}
  m_StaticBatchInfo:
    firstSubMesh: 0
    subMeshCount: 0
  m_StaticBatchRoot: {fileID: 0}
  m_ProbeAnchor: {fileID: 0}
  m_LightProbeVolumeOverride: {fileID: 0}
  m_ScaleInLightmap: 1
  m_PreserveUVs: 0
  m_IgnoreNormalsForChartDetection: 0
  m_ImportantGI: 0
  m_StitchLightmapSeams: 0
  m_SelectedEditorRenderState: 2
  m_MinimumChartSize: 4
  m_AutoUVMaxDistance: 0.5
  m_AutoUVMaxAngle: 89
  m_LightmapParameters: {fileID: 0}
  m_SortingLayerID: 0
  m_SortingLayer: 0
  m_SortingOrder: 0
--- !u!114 &6113153150603452744
MonoBehaviour:
  m_ObjectHideFlags: 0
  m_CorrespondingSourceObject: {fileID: 0}
  m_PrefabInstance: {fileID: 0}
  m_PrefabAsset: {fileID: 0}
  m_GameObject: {fileID: 3058478039973723199}
  m_Enabled: 1
  m_EditorHideFlags: 0
  m_Script: {fileID: 11500000, guid: 8233d90336aea43098adf6dbabd606a2, type: 3}
  m_Name: 
  m_EditorClassIdentifier: 
  m_MeshFormatVersion: 1
  m_Faces:
  - m_Indexes: 000000000100000002000000030000000000000002000000
    m_SmoothingGroup: 0
    m_Uv:
      m_UseWorldSpace: 0
      m_FlipU: 0
      m_FlipV: 0
      m_SwapUV: 0
      m_Fill: 1
      m_Scale: {x: 1, y: 1}
      m_Offset: {x: 0, y: 0}
      m_Rotation: 0
      m_Anchor: 9
    m_Material: {fileID: 2100000, guid: 73c176f402d2c2f4d929aa5da7585d17, type: 2}
    m_SubmeshIndex: 0
    m_ManualUV: 0
    elementGroup: 0
    m_TextureGroup: 0
  - m_Indexes: 050000000700000004000000050000000600000007000000
    m_SmoothingGroup: 0
    m_Uv:
      m_UseWorldSpace: 0
      m_FlipU: 0
      m_FlipV: 0
      m_SwapUV: 0
      m_Fill: 1
      m_Scale: {x: 1, y: 1}
      m_Offset: {x: 0, y: 0}
      m_Rotation: 0
      m_Anchor: 9
    m_Material: {fileID: 2100000, guid: 73c176f402d2c2f4d929aa5da7585d17, type: 2}
    m_SubmeshIndex: 0
    m_ManualUV: 0
    elementGroup: 0
    m_TextureGroup: 0
  - m_Indexes: 0a00000009000000080000000a0000000b00000009000000
    m_SmoothingGroup: 0
    m_Uv:
      m_UseWorldSpace: 0
      m_FlipU: 0
      m_FlipV: 0
      m_SwapUV: 0
      m_Fill: 1
      m_Scale: {x: 1, y: 1}
      m_Offset: {x: 0, y: 0}
      m_Rotation: 0
      m_Anchor: 9
    m_Material: {fileID: 0}
    m_SubmeshIndex: 0
    m_ManualUV: 0
    elementGroup: -1
    m_TextureGroup: 0
  - m_Indexes: 0e0000000d0000000c0000000e0000000f0000000d000000
    m_SmoothingGroup: 0
    m_Uv:
      m_UseWorldSpace: 0
      m_FlipU: 0
      m_FlipV: 0
      m_SwapUV: 0
      m_Fill: 1
      m_Scale: {x: 1, y: 1}
      m_Offset: {x: 0, y: 0}
      m_Rotation: 0
      m_Anchor: 9
    m_Material: {fileID: 0}
    m_SubmeshIndex: 0
    m_ManualUV: 0
    elementGroup: -1
    m_TextureGroup: 0
  - m_Indexes: 120000001100000010000000120000001300000011000000
    m_SmoothingGroup: 0
    m_Uv:
      m_UseWorldSpace: 0
      m_FlipU: 0
      m_FlipV: 0
      m_SwapUV: 0
      m_Fill: 1
      m_Scale: {x: 1, y: 1}
      m_Offset: {x: 0, y: 0}
      m_Rotation: 0
      m_Anchor: 9
    m_Material: {fileID: 0}
    m_SubmeshIndex: 0
    m_ManualUV: 0
    elementGroup: -1
    m_TextureGroup: 0
  - m_Indexes: 160000001500000014000000160000001700000015000000
    m_SmoothingGroup: 0
    m_Uv:
      m_UseWorldSpace: 0
      m_FlipU: 0
      m_FlipV: 0
      m_SwapUV: 0
      m_Fill: 1
      m_Scale: {x: 1, y: 1}
      m_Offset: {x: 0, y: 0}
      m_Rotation: 0
      m_Anchor: 9
    m_Material: {fileID: 0}
    m_SubmeshIndex: 0
    m_ManualUV: 0
    elementGroup: -1
    m_TextureGroup: 0
  m_SharedVertices:
  - m_Vertices: 00000000080000000d000000
  - m_Vertices: 010000000900000014000000
  - m_Vertices: 020000001000000015000000
  - m_Vertices: 030000000c00000011000000
  - m_Vertices: 050000001200000017000000
  - m_Vertices: 070000000a0000000f000000
  - m_Vertices: 040000000e00000013000000
  - m_Vertices: 060000000b00000016000000
  m_SharedTextures: []
  m_Positions:
  - {x: 0.75, y: 1, z: -0.75}
  - {x: 0.25, y: 1, z: -0.75}
  - {x: 0.25, y: 1, z: -0.25}
  - {x: 0.75, y: 1, z: -0.25}
  - {x: 0.75, y: 0, z: -0.25}
  - {x: 0.25, y: 0, z: -0.25}
  - {x: 0.25, y: 0, z: -0.75}
  - {x: 0.75, y: 0, z: -0.75}
  - {x: 0.75, y: 1, z: -0.75}
  - {x: 0.25, y: 1, z: -0.75}
  - {x: 0.75, y: 0, z: -0.75}
  - {x: 0.25, y: 0, z: -0.75}
  - {x: 0.75, y: 1, z: -0.25}
  - {x: 0.75, y: 1, z: -0.75}
  - {x: 0.75, y: 0, z: -0.25}
  - {x: 0.75, y: 0, z: -0.75}
  - {x: 0.25, y: 1, z: -0.25}
  - {x: 0.75, y: 1, z: -0.25}
  - {x: 0.25, y: 0, z: -0.25}
  - {x: 0.75, y: 0, z: -0.25}
  - {x: 0.25, y: 1, z: -0.75}
  - {x: 0.25, y: 1, z: -0.25}
  - {x: 0.25, y: 0, z: -0.75}
  - {x: 0.25, y: 0, z: -0.25}
  m_Textures0:
  - {x: 0.75, y: -0.75}
  - {x: 0.25, y: -0.75}
  - {x: 0.25, y: -0.25}
  - {x: 0.75, y: -0.25}
  - {x: -0.75, y: -0.25}
  - {x: -0.25, y: -0.25}
  - {x: -0.25, y: -0.75}
  - {x: -0.75, y: -0.75}
  - {x: 0.75, y: 1}
  - {x: 0.25, y: 1}
  - {x: 0.75, y: 0}
  - {x: 0.25, y: 0}
  - {x: -0.25, y: 1}
  - {x: -0.75, y: 1}
  - {x: -0.25, y: 0}
  - {x: -0.75, y: 0}
  - {x: -0.25, y: 1}
  - {x: -0.75, y: 1}
  - {x: -0.25, y: 0}
  - {x: -0.75, y: 0}
  - {x: 0.75, y: 1}
  - {x: 0.25, y: 1}
  - {x: 0.75, y: 0}
  - {x: 0.25, y: 0}
  m_Textures2: []
  m_Textures3: []
  m_Tangents:
  - {x: 1, y: 0, z: 0, w: -1}
  - {x: 1, y: 0, z: 0, w: -1}
  - {x: 1, y: 0, z: 0, w: -1}
  - {x: 1, y: 0, z: 0, w: -1}
  - {x: -1, y: 0, z: 0, w: -1}
  - {x: -1, y: 0, z: 0, w: -1}
  - {x: -1, y: 0, z: 0, w: -1}
  - {x: -1, y: 0, z: 0, w: -1}
  - {x: 1, y: 0, z: 0, w: -1}
  - {x: 1, y: 0, z: 0, w: -1}
  - {x: 1, y: 0, z: 0, w: -1}
  - {x: 1, y: 0, z: 0, w: -1}
  - {x: 0, y: 0, z: 1, w: -1}
  - {x: 0, y: 0, z: 1, w: -1}
  - {x: 0, y: 0, z: 1, w: -1}
  - {x: 0, y: 0, z: 1, w: -1}
  - {x: -1, y: 0, z: 0, w: -1}
  - {x: -1, y: 0, z: 0, w: -1}
  - {x: -1, y: 0, z: 0, w: -1}
  - {x: -1, y: 0, z: 0, w: -1}
  - {x: 0, y: 0, z: -1, w: -1}
  - {x: 0, y: 0, z: -1, w: -1}
  - {x: 0, y: 0, z: -1, w: -1}
  - {x: 0, y: 0, z: -1, w: -1}
  m_Colors: []
  m_UnwrapParameters:
    m_HardAngle: 88
    m_PackMargin: 20
    m_AngleError: 8
    m_AreaError: 15
  m_PreserveMeshAssetOnDestroy: 0
  assetGuid: 
  m_IsSelectable: 1
  m_SelectedFaces: 
  m_SelectedEdges: []
  m_SelectedVertices: 02000000
--- !u!65 &3086544706034996418
BoxCollider:
  m_ObjectHideFlags: 0
  m_CorrespondingSourceObject: {fileID: 0}
  m_PrefabInstance: {fileID: 0}
  m_PrefabAsset: {fileID: 0}
  m_GameObject: {fileID: 3058478039973723199}
  m_Material: {fileID: 0}
  m_IsTrigger: 0
  m_Enabled: 1
  serializedVersion: 2
  m_Size: {x: 0.5, y: 1, z: 0.5}
  m_Center: {x: 0.5, y: 0.5, z: -0.5}
--- !u!1 &3375620444333622560
GameObject:
  m_ObjectHideFlags: 0
  m_CorrespondingSourceObject: {fileID: 0}
  m_PrefabInstance: {fileID: 0}
  m_PrefabAsset: {fileID: 0}
  serializedVersion: 6
  m_Component:
  - component: {fileID: 183664835107249668}
  - component: {fileID: 170733168096782116}
  - component: {fileID: 2591127202317572241}
  - component: {fileID: 1555330734419838589}
  - component: {fileID: 1191448772613611705}
  m_Layer: 0
  m_Name: Door (1)-detach
  m_TagString: Untagged
  m_Icon: {fileID: 0}
  m_NavMeshLayer: 0
  m_StaticEditorFlags: 0
  m_IsActive: 1
--- !u!4 &183664835107249668
Transform:
  m_ObjectHideFlags: 0
  m_CorrespondingSourceObject: {fileID: 0}
  m_PrefabInstance: {fileID: 0}
  m_PrefabAsset: {fileID: 0}
  m_GameObject: {fileID: 3375620444333622560}
  m_LocalRotation: {x: -0, y: -0, z: -0, w: 1}
  m_LocalPosition: {x: -2, y: 0, z: 0}
  m_LocalScale: {x: 1, y: 4, z: 1}
  m_Children:
  - {fileID: 592907087963208116}
  m_Father: {fileID: 4185636030018862391}
  m_RootOrder: 0
  m_LocalEulerAnglesHint: {x: 0, y: 0, z: 0}
--- !u!33 &170733168096782116
MeshFilter:
  m_ObjectHideFlags: 0
  m_CorrespondingSourceObject: {fileID: 0}
  m_PrefabInstance: {fileID: 0}
  m_PrefabAsset: {fileID: 0}
  m_GameObject: {fileID: 3375620444333622560}
  m_Mesh: {fileID: 0}
--- !u!23 &2591127202317572241
MeshRenderer:
  m_ObjectHideFlags: 0
  m_CorrespondingSourceObject: {fileID: 0}
  m_PrefabInstance: {fileID: 0}
  m_PrefabAsset: {fileID: 0}
  m_GameObject: {fileID: 3375620444333622560}
  m_Enabled: 1
  m_CastShadows: 1
  m_ReceiveShadows: 1
  m_DynamicOccludee: 1
  m_MotionVectors: 1
  m_LightProbeUsage: 1
  m_ReflectionProbeUsage: 1
  m_RenderingLayerMask: 1
  m_RendererPriority: 0
  m_Materials:
  - {fileID: 2100000, guid: 7fe47a3fbb9b3154eb3b866fdc55d89b, type: 2}
  m_StaticBatchInfo:
    firstSubMesh: 0
    subMeshCount: 0
  m_StaticBatchRoot: {fileID: 0}
  m_ProbeAnchor: {fileID: 0}
  m_LightProbeVolumeOverride: {fileID: 0}
  m_ScaleInLightmap: 1
  m_PreserveUVs: 0
  m_IgnoreNormalsForChartDetection: 0
  m_ImportantGI: 0
  m_StitchLightmapSeams: 0
  m_SelectedEditorRenderState: 2
  m_MinimumChartSize: 4
  m_AutoUVMaxDistance: 0.5
  m_AutoUVMaxAngle: 89
  m_LightmapParameters: {fileID: 0}
  m_SortingLayerID: 0
  m_SortingLayer: 0
  m_SortingOrder: 0
--- !u!114 &1555330734419838589
MonoBehaviour:
  m_ObjectHideFlags: 0
  m_CorrespondingSourceObject: {fileID: 0}
  m_PrefabInstance: {fileID: 0}
  m_PrefabAsset: {fileID: 0}
  m_GameObject: {fileID: 3375620444333622560}
  m_Enabled: 1
  m_EditorHideFlags: 0
  m_Script: {fileID: 11500000, guid: 8233d90336aea43098adf6dbabd606a2, type: 3}
  m_Name: 
  m_EditorClassIdentifier: 
  m_MeshFormatVersion: 1
  m_Faces:
  - m_Indexes: 000000000100000002000000030000000000000002000000
    m_SmoothingGroup: 0
    m_Uv:
      m_UseWorldSpace: 0
      m_FlipU: 0
      m_FlipV: 0
      m_SwapUV: 0
      m_Fill: 1
      m_Scale: {x: 1, y: 1}
      m_Offset: {x: 0, y: 0}
      m_Rotation: 0
      m_Anchor: 9
    m_Material: {fileID: 2100000, guid: 73c176f402d2c2f4d929aa5da7585d17, type: 2}
    m_SubmeshIndex: 0
    m_ManualUV: 0
    elementGroup: 0
    m_TextureGroup: 0
  - m_Indexes: 050000000700000004000000050000000600000007000000
    m_SmoothingGroup: 0
    m_Uv:
      m_UseWorldSpace: 0
      m_FlipU: 0
      m_FlipV: 0
      m_SwapUV: 0
      m_Fill: 1
      m_Scale: {x: 1, y: 1}
      m_Offset: {x: 0, y: 0}
      m_Rotation: 0
      m_Anchor: 9
    m_Material: {fileID: 2100000, guid: 73c176f402d2c2f4d929aa5da7585d17, type: 2}
    m_SubmeshIndex: 0
    m_ManualUV: 0
    elementGroup: 0
    m_TextureGroup: 0
  - m_Indexes: 0a00000009000000080000000a0000000b00000009000000
    m_SmoothingGroup: 0
    m_Uv:
      m_UseWorldSpace: 0
      m_FlipU: 0
      m_FlipV: 0
      m_SwapUV: 0
      m_Fill: 1
      m_Scale: {x: 1, y: 1}
      m_Offset: {x: 0, y: 0}
      m_Rotation: 0
      m_Anchor: 9
    m_Material: {fileID: 0}
    m_SubmeshIndex: 0
    m_ManualUV: 0
    elementGroup: -1
    m_TextureGroup: -1
  - m_Indexes: 0e0000000d0000000c0000000e0000000f0000000d000000
    m_SmoothingGroup: 0
    m_Uv:
      m_UseWorldSpace: 0
      m_FlipU: 0
      m_FlipV: 0
      m_SwapUV: 0
      m_Fill: 1
      m_Scale: {x: 1, y: 1}
      m_Offset: {x: 0, y: 0}
      m_Rotation: 0
      m_Anchor: 9
    m_Material: {fileID: 0}
    m_SubmeshIndex: 0
    m_ManualUV: 0
    elementGroup: -1
    m_TextureGroup: -1
  - m_Indexes: 120000001100000010000000120000001300000011000000
    m_SmoothingGroup: 0
    m_Uv:
      m_UseWorldSpace: 0
      m_FlipU: 0
      m_FlipV: 0
      m_SwapUV: 0
      m_Fill: 1
      m_Scale: {x: 1, y: 1}
      m_Offset: {x: 0, y: 0}
      m_Rotation: 0
      m_Anchor: 9
    m_Material: {fileID: 0}
    m_SubmeshIndex: 0
    m_ManualUV: 0
    elementGroup: -1
    m_TextureGroup: -1
  - m_Indexes: 160000001500000014000000160000001700000015000000
    m_SmoothingGroup: 0
    m_Uv:
      m_UseWorldSpace: 0
      m_FlipU: 0
      m_FlipV: 0
      m_SwapUV: 0
      m_Fill: 1
      m_Scale: {x: 1, y: 1}
      m_Offset: {x: 0, y: 0}
      m_Rotation: 0
      m_Anchor: 9
    m_Material: {fileID: 0}
    m_SubmeshIndex: 0
    m_ManualUV: 0
    elementGroup: -1
    m_TextureGroup: -1
  m_SharedVertices:
  - m_Vertices: 00000000080000000d000000
  - m_Vertices: 010000000900000014000000
  - m_Vertices: 020000001000000015000000
  - m_Vertices: 030000000c00000011000000
  - m_Vertices: 050000001200000017000000
  - m_Vertices: 070000000a0000000f000000
  - m_Vertices: 040000000e00000013000000
  - m_Vertices: 060000000b00000016000000
  m_SharedTextures: []
  m_Positions:
  - {x: 0.75, y: 1, z: -0.75}
  - {x: 0.25, y: 1, z: -0.75}
  - {x: 0.25, y: 1, z: -0.25}
  - {x: 0.75, y: 1, z: -0.25}
  - {x: 0.75, y: 0, z: -0.25}
  - {x: 0.25, y: 0, z: -0.25}
  - {x: 0.25, y: 0, z: -0.75}
  - {x: 0.75, y: 0, z: -0.75}
  - {x: 0.75, y: 1, z: -0.75}
  - {x: 0.25, y: 1, z: -0.75}
  - {x: 0.75, y: 0, z: -0.75}
  - {x: 0.25, y: 0, z: -0.75}
  - {x: 0.75, y: 1, z: -0.25}
  - {x: 0.75, y: 1, z: -0.75}
  - {x: 0.75, y: 0, z: -0.25}
  - {x: 0.75, y: 0, z: -0.75}
  - {x: 0.25, y: 1, z: -0.25}
  - {x: 0.75, y: 1, z: -0.25}
  - {x: 0.25, y: 0, z: -0.25}
  - {x: 0.75, y: 0, z: -0.25}
  - {x: 0.25, y: 1, z: -0.75}
  - {x: 0.25, y: 1, z: -0.25}
  - {x: 0.25, y: 0, z: -0.75}
  - {x: 0.25, y: 0, z: -0.25}
  m_Textures0:
  - {x: 0.75, y: -0.75}
  - {x: 0.25, y: -0.75}
  - {x: 0.25, y: -0.25}
  - {x: 0.75, y: -0.25}
  - {x: -0.75, y: -0.25}
  - {x: -0.25, y: -0.25}
  - {x: -0.25, y: -0.75}
  - {x: -0.75, y: -0.75}
  - {x: 0.75, y: 1}
  - {x: 0.25, y: 1}
  - {x: 0.75, y: 0}
  - {x: 0.25, y: 0}
  - {x: -0.25, y: 1}
  - {x: -0.75, y: 1}
  - {x: -0.25, y: 0}
  - {x: -0.75, y: 0}
  - {x: -0.25, y: 1}
  - {x: -0.75, y: 1}
  - {x: -0.25, y: 0}
  - {x: -0.75, y: 0}
  - {x: 0.75, y: 1}
  - {x: 0.25, y: 1}
  - {x: 0.75, y: 0}
  - {x: 0.25, y: 0}
  m_Textures2: []
  m_Textures3: []
  m_Tangents:
  - {x: 1, y: 0, z: 0, w: -1}
  - {x: 1, y: 0, z: 0, w: -1}
  - {x: 1, y: 0, z: 0, w: -1}
  - {x: 1, y: 0, z: 0, w: -1}
  - {x: -1, y: 0, z: 0, w: -1}
  - {x: -1, y: 0, z: 0, w: -1}
  - {x: -1, y: 0, z: 0, w: -1}
  - {x: -1, y: 0, z: 0, w: -1}
  - {x: 1, y: 0, z: 0, w: -1}
  - {x: 1, y: 0, z: 0, w: -1}
  - {x: 1, y: 0, z: 0, w: -1}
  - {x: 1, y: 0, z: 0, w: -1}
  - {x: 0, y: 0, z: 1, w: -1}
  - {x: 0, y: 0, z: 1, w: -1}
  - {x: 0, y: 0, z: 1, w: -1}
  - {x: 0, y: 0, z: 1, w: -1}
  - {x: -1, y: 0, z: 0, w: -1}
  - {x: -1, y: 0, z: 0, w: -1}
  - {x: -1, y: 0, z: 0, w: -1}
  - {x: -1, y: 0, z: 0, w: -1}
  - {x: 0, y: 0, z: -1, w: -1}
  - {x: 0, y: 0, z: -1, w: -1}
  - {x: 0, y: 0, z: -1, w: -1}
  - {x: 0, y: 0, z: -1, w: -1}
  m_Colors: []
  m_UnwrapParameters:
    m_HardAngle: 88
    m_PackMargin: 20
    m_AngleError: 8
    m_AreaError: 15
  m_PreserveMeshAssetOnDestroy: 0
  assetGuid: 
  m_IsSelectable: 1
  m_SelectedFaces: 
  m_SelectedEdges: []
  m_SelectedVertices: 02000000
--- !u!65 &1191448772613611705
BoxCollider:
  m_ObjectHideFlags: 0
  m_CorrespondingSourceObject: {fileID: 0}
  m_PrefabInstance: {fileID: 0}
  m_PrefabAsset: {fileID: 0}
  m_GameObject: {fileID: 3375620444333622560}
  m_Material: {fileID: 0}
  m_IsTrigger: 0
  m_Enabled: 1
  serializedVersion: 2
  m_Size: {x: 0.5, y: 1, z: 0.5}
  m_Center: {x: 0.5, y: 0.5, z: -0.5}
--- !u!1 &4032268329474118362
GameObject:
  m_ObjectHideFlags: 0
  m_CorrespondingSourceObject: {fileID: 0}
  m_PrefabInstance: {fileID: 0}
  m_PrefabAsset: {fileID: 0}
  serializedVersion: 6
  m_Component:
  - component: {fileID: 7648073846193013666}
  - component: {fileID: 6922439838581157986}
  - component: {fileID: 1901769362761818230}
  - component: {fileID: 1552799124944664003}
  m_Layer: 0
  m_Name: Door (1)-detach (1)
  m_TagString: Untagged
  m_Icon: {fileID: 0}
  m_NavMeshLayer: 0
  m_StaticEditorFlags: 0
  m_IsActive: 1
--- !u!4 &7648073846193013666
Transform:
  m_ObjectHideFlags: 0
  m_CorrespondingSourceObject: {fileID: 0}
  m_PrefabInstance: {fileID: 0}
  m_PrefabAsset: {fileID: 0}
  m_GameObject: {fileID: 4032268329474118362}
  m_LocalRotation: {x: -0, y: -0, z: -0, w: 1}
  m_LocalPosition: {x: 0, y: 0, z: 0}
  m_LocalScale: {x: 1, y: 1, z: 1}
  m_Children: []
  m_Father: {fileID: 4927123932002708778}
  m_RootOrder: 0
  m_LocalEulerAnglesHint: {x: 0, y: 0, z: 0}
--- !u!33 &6922439838581157986
MeshFilter:
  m_ObjectHideFlags: 0
  m_CorrespondingSourceObject: {fileID: 0}
  m_PrefabInstance: {fileID: 0}
  m_PrefabAsset: {fileID: 0}
  m_GameObject: {fileID: 4032268329474118362}
  m_Mesh: {fileID: 0}
--- !u!23 &1901769362761818230
MeshRenderer:
  m_ObjectHideFlags: 0
  m_CorrespondingSourceObject: {fileID: 0}
  m_PrefabInstance: {fileID: 0}
  m_PrefabAsset: {fileID: 0}
  m_GameObject: {fileID: 4032268329474118362}
  m_Enabled: 1
  m_CastShadows: 1
  m_ReceiveShadows: 1
  m_DynamicOccludee: 1
  m_MotionVectors: 1
  m_LightProbeUsage: 1
  m_ReflectionProbeUsage: 1
  m_RenderingLayerMask: 1
  m_RendererPriority: 0
  m_Materials:
  - {fileID: 2100000, guid: 782c57fa94b987041a494948825843fc, type: 2}
  m_StaticBatchInfo:
    firstSubMesh: 0
    subMeshCount: 0
  m_StaticBatchRoot: {fileID: 0}
  m_ProbeAnchor: {fileID: 0}
  m_LightProbeVolumeOverride: {fileID: 0}
  m_ScaleInLightmap: 1
  m_PreserveUVs: 0
  m_IgnoreNormalsForChartDetection: 0
  m_ImportantGI: 0
  m_StitchLightmapSeams: 0
  m_SelectedEditorRenderState: 2
  m_MinimumChartSize: 4
  m_AutoUVMaxDistance: 0.5
  m_AutoUVMaxAngle: 89
  m_LightmapParameters: {fileID: 0}
  m_SortingLayerID: 0
  m_SortingLayer: 0
  m_SortingOrder: 0
--- !u!114 &1552799124944664003
MonoBehaviour:
  m_ObjectHideFlags: 0
  m_CorrespondingSourceObject: {fileID: 0}
  m_PrefabInstance: {fileID: 0}
  m_PrefabAsset: {fileID: 0}
  m_GameObject: {fileID: 4032268329474118362}
  m_Enabled: 1
  m_EditorHideFlags: 0
  m_Script: {fileID: 11500000, guid: 8233d90336aea43098adf6dbabd606a2, type: 3}
  m_Name: 
  m_EditorClassIdentifier: 
  m_MeshFormatVersion: 1
  m_Faces:
  - m_Indexes: 000000000100000002000000030000000000000002000000
    m_SmoothingGroup: 0
    m_Uv:
      m_UseWorldSpace: 0
      m_FlipU: 0
      m_FlipV: 0
      m_SwapUV: 0
      m_Fill: 1
      m_Scale: {x: 1, y: 1}
      m_Offset: {x: 0, y: 0}
      m_Rotation: 0
      m_Anchor: 9
    m_Material: {fileID: 2100000, guid: 73c176f402d2c2f4d929aa5da7585d17, type: 2}
    m_SubmeshIndex: 0
    m_ManualUV: 0
    elementGroup: 0
    m_TextureGroup: 0
  - m_Indexes: 050000000700000004000000050000000600000007000000
    m_SmoothingGroup: 0
    m_Uv:
      m_UseWorldSpace: 0
      m_FlipU: 0
      m_FlipV: 0
      m_SwapUV: 0
      m_Fill: 1
      m_Scale: {x: 1, y: 1}
      m_Offset: {x: 0, y: 0}
      m_Rotation: 0
      m_Anchor: 9
    m_Material: {fileID: 2100000, guid: 73c176f402d2c2f4d929aa5da7585d17, type: 2}
    m_SubmeshIndex: 0
    m_ManualUV: 0
    elementGroup: 0
    m_TextureGroup: 0
  - m_Indexes: 0a00000009000000080000000a0000000b00000009000000
    m_SmoothingGroup: 0
    m_Uv:
      m_UseWorldSpace: 0
      m_FlipU: 0
      m_FlipV: 0
      m_SwapUV: 0
      m_Fill: 1
      m_Scale: {x: 1, y: 1}
      m_Offset: {x: 0, y: 0}
      m_Rotation: 0
      m_Anchor: 9
    m_Material: {fileID: 0}
    m_SubmeshIndex: 0
    m_ManualUV: 0
    elementGroup: -1
    m_TextureGroup: 0
  - m_Indexes: 0e0000000d0000000c0000000e0000000f0000000d000000
    m_SmoothingGroup: 0
    m_Uv:
      m_UseWorldSpace: 0
      m_FlipU: 0
      m_FlipV: 0
      m_SwapUV: 0
      m_Fill: 1
      m_Scale: {x: 1, y: 1}
      m_Offset: {x: 0, y: 0}
      m_Rotation: 0
      m_Anchor: 9
    m_Material: {fileID: 0}
    m_SubmeshIndex: 0
    m_ManualUV: 0
    elementGroup: -1
    m_TextureGroup: 0
  - m_Indexes: 120000001100000010000000120000001300000011000000
    m_SmoothingGroup: 0
    m_Uv:
      m_UseWorldSpace: 0
      m_FlipU: 0
      m_FlipV: 0
      m_SwapUV: 0
      m_Fill: 1
      m_Scale: {x: 1, y: 1}
      m_Offset: {x: 0, y: 0}
      m_Rotation: 0
      m_Anchor: 9
    m_Material: {fileID: 0}
    m_SubmeshIndex: 0
    m_ManualUV: 0
    elementGroup: -1
    m_TextureGroup: 0
  - m_Indexes: 160000001500000014000000160000001700000015000000
    m_SmoothingGroup: 0
    m_Uv:
      m_UseWorldSpace: 0
      m_FlipU: 0
      m_FlipV: 0
      m_SwapUV: 0
      m_Fill: 1
      m_Scale: {x: 1, y: 1}
      m_Offset: {x: 0, y: 0}
      m_Rotation: 0
      m_Anchor: 9
    m_Material: {fileID: 0}
    m_SubmeshIndex: 0
    m_ManualUV: 0
    elementGroup: -1
    m_TextureGroup: 0
  m_SharedVertices:
  - m_Vertices: 00000000080000000d000000
  - m_Vertices: 010000000900000014000000
  - m_Vertices: 020000001000000015000000
  - m_Vertices: 030000000c00000011000000
  - m_Vertices: 050000001200000017000000
  - m_Vertices: 070000000a0000000f000000
  - m_Vertices: 040000000e00000013000000
  - m_Vertices: 060000000b00000016000000
  m_SharedTextures: []
  m_Positions:
  - {x: 0.73, y: 0.995, z: -0.73}
  - {x: 0.26999998, y: 0.995, z: -0.73}
  - {x: 0.26999998, y: 0.995, z: -0.26999998}
  - {x: 0.73, y: 0.995, z: -0.26999998}
  - {x: 0.73, y: 0.004999995, z: -0.26999998}
  - {x: 0.26999998, y: 0.004999995, z: -0.26999998}
  - {x: 0.26999998, y: 0.004999995, z: -0.73}
  - {x: 0.73, y: 0.004999995, z: -0.73}
  - {x: 0.73, y: 0.995, z: -0.73}
  - {x: 0.26999998, y: 0.995, z: -0.73}
  - {x: 0.73, y: 0.004999995, z: -0.73}
  - {x: 0.26999998, y: 0.004999995, z: -0.73}
  - {x: 0.73, y: 0.995, z: -0.26999998}
  - {x: 0.73, y: 0.995, z: -0.73}
  - {x: 0.73, y: 0.004999995, z: -0.26999998}
  - {x: 0.73, y: 0.004999995, z: -0.73}
  - {x: 0.26999998, y: 0.995, z: -0.26999998}
  - {x: 0.73, y: 0.995, z: -0.26999998}
  - {x: 0.26999998, y: 0.004999995, z: -0.26999998}
  - {x: 0.73, y: 0.004999995, z: -0.26999998}
  - {x: 0.26999998, y: 0.995, z: -0.73}
  - {x: 0.26999998, y: 0.995, z: -0.26999998}
  - {x: 0.26999998, y: 0.004999995, z: -0.73}
  - {x: 0.26999998, y: 0.004999995, z: -0.26999998}
  m_Textures0:
  - {x: 0.73, y: -0.73}
  - {x: 0.26999998, y: -0.73}
  - {x: 0.26999998, y: -0.26999998}
  - {x: 0.73, y: -0.26999998}
  - {x: -0.73, y: -0.26999998}
  - {x: -0.26999998, y: -0.26999998}
  - {x: -0.26999998, y: -0.73}
  - {x: -0.73, y: -0.73}
  - {x: 0.73, y: 0.995}
  - {x: 0.26999998, y: 0.995}
  - {x: 0.73, y: 0.004999995}
  - {x: 0.26999998, y: 0.004999995}
  - {x: -0.26999998, y: 0.995}
  - {x: -0.73, y: 0.995}
  - {x: -0.26999998, y: 0.004999995}
  - {x: -0.73, y: 0.004999995}
  - {x: -0.26999998, y: 0.995}
  - {x: -0.73, y: 0.995}
  - {x: -0.26999998, y: 0.004999995}
  - {x: -0.73, y: 0.004999995}
  - {x: 0.73, y: 0.995}
  - {x: 0.26999998, y: 0.995}
  - {x: 0.73, y: 0.004999995}
  - {x: 0.26999998, y: 0.004999995}
  m_Textures2: []
  m_Textures3: []
  m_Tangents:
  - {x: 1, y: 0, z: 0, w: -1}
  - {x: 1, y: 0, z: 0, w: -1}
  - {x: 1, y: 0, z: 0, w: -1}
  - {x: 1, y: 0, z: 0, w: -1}
  - {x: -1, y: 0, z: 0, w: -1}
  - {x: -1, y: 0, z: 0, w: -1}
  - {x: -1, y: 0, z: 0, w: -1}
  - {x: -1, y: 0, z: 0, w: -1}
  - {x: 1, y: 0, z: 0, w: -1}
  - {x: 1, y: 0, z: 0, w: -1}
  - {x: 1, y: 0, z: 0, w: -1}
  - {x: 1, y: 0, z: 0, w: -1}
  - {x: 0, y: 0, z: 1, w: -1}
  - {x: 0, y: 0, z: 1, w: -1}
  - {x: 0, y: 0, z: 1, w: -1}
  - {x: 0, y: 0, z: 1, w: -1}
  - {x: -1, y: 0, z: 0, w: -1}
  - {x: -1, y: 0, z: 0, w: -1}
  - {x: -1, y: 0, z: 0, w: -1}
  - {x: -1, y: 0, z: 0, w: -1}
  - {x: 0, y: 0, z: -1, w: -1}
  - {x: 0, y: 0, z: -1, w: -1}
  - {x: 0, y: 0, z: -1, w: -1}
  - {x: 0, y: 0, z: -1, w: -1}
  m_Colors: []
  m_UnwrapParameters:
    m_HardAngle: 88
    m_PackMargin: 20
    m_AngleError: 8
    m_AreaError: 15
  m_PreserveMeshAssetOnDestroy: 0
  assetGuid: 
  m_IsSelectable: 1
  m_SelectedFaces: 
  m_SelectedEdges:
  - a: 0
    b: 1
  - a: 6
    b: 7
  m_SelectedVertices: 00000000010000000600000007000000
--- !u!1 &8118645337039686025
GameObject:
  m_ObjectHideFlags: 0
  m_CorrespondingSourceObject: {fileID: 0}
  m_PrefabInstance: {fileID: 0}
  m_PrefabAsset: {fileID: 0}
  serializedVersion: 6
  m_Component:
  - component: {fileID: 592907087963208116}
  - component: {fileID: 7879502145723120180}
  - component: {fileID: 4001991544880505252}
  - component: {fileID: 5002534546087335498}
  m_Layer: 0
  m_Name: Door (1)-detach (1)
  m_TagString: Untagged
  m_Icon: {fileID: 0}
  m_NavMeshLayer: 0
  m_StaticEditorFlags: 0
  m_IsActive: 1
--- !u!4 &592907087963208116
Transform:
  m_ObjectHideFlags: 0
  m_CorrespondingSourceObject: {fileID: 0}
  m_PrefabInstance: {fileID: 0}
  m_PrefabAsset: {fileID: 0}
  m_GameObject: {fileID: 8118645337039686025}
  m_LocalRotation: {x: -0, y: -0, z: -0, w: 1}
  m_LocalPosition: {x: 0, y: 0, z: 0}
  m_LocalScale: {x: 1, y: 1, z: 1}
  m_Children: []
  m_Father: {fileID: 183664835107249668}
  m_RootOrder: 0
  m_LocalEulerAnglesHint: {x: 0, y: 0, z: 0}
--- !u!33 &7879502145723120180
MeshFilter:
  m_ObjectHideFlags: 0
  m_CorrespondingSourceObject: {fileID: 0}
  m_PrefabInstance: {fileID: 0}
  m_PrefabAsset: {fileID: 0}
  m_GameObject: {fileID: 8118645337039686025}
  m_Mesh: {fileID: 0}
--- !u!23 &4001991544880505252
MeshRenderer:
  m_ObjectHideFlags: 0
  m_CorrespondingSourceObject: {fileID: 0}
  m_PrefabInstance: {fileID: 0}
  m_PrefabAsset: {fileID: 0}
  m_GameObject: {fileID: 8118645337039686025}
  m_Enabled: 1
  m_CastShadows: 1
  m_ReceiveShadows: 1
  m_DynamicOccludee: 1
  m_MotionVectors: 1
  m_LightProbeUsage: 1
  m_ReflectionProbeUsage: 1
  m_RenderingLayerMask: 1
  m_RendererPriority: 0
  m_Materials:
  - {fileID: 2100000, guid: 782c57fa94b987041a494948825843fc, type: 2}
  m_StaticBatchInfo:
    firstSubMesh: 0
    subMeshCount: 0
  m_StaticBatchRoot: {fileID: 0}
  m_ProbeAnchor: {fileID: 0}
  m_LightProbeVolumeOverride: {fileID: 0}
  m_ScaleInLightmap: 1
  m_PreserveUVs: 0
  m_IgnoreNormalsForChartDetection: 0
  m_ImportantGI: 0
  m_StitchLightmapSeams: 0
  m_SelectedEditorRenderState: 2
  m_MinimumChartSize: 4
  m_AutoUVMaxDistance: 0.5
  m_AutoUVMaxAngle: 89
  m_LightmapParameters: {fileID: 0}
  m_SortingLayerID: 0
  m_SortingLayer: 0
  m_SortingOrder: 0
--- !u!114 &5002534546087335498
MonoBehaviour:
  m_ObjectHideFlags: 0
  m_CorrespondingSourceObject: {fileID: 0}
  m_PrefabInstance: {fileID: 0}
  m_PrefabAsset: {fileID: 0}
  m_GameObject: {fileID: 8118645337039686025}
  m_Enabled: 1
  m_EditorHideFlags: 0
  m_Script: {fileID: 11500000, guid: 8233d90336aea43098adf6dbabd606a2, type: 3}
  m_Name: 
  m_EditorClassIdentifier: 
  m_MeshFormatVersion: 1
  m_Faces:
  - m_Indexes: 000000000100000002000000030000000000000002000000
    m_SmoothingGroup: 0
    m_Uv:
      m_UseWorldSpace: 0
      m_FlipU: 0
      m_FlipV: 0
      m_SwapUV: 0
      m_Fill: 1
      m_Scale: {x: 1, y: 1}
      m_Offset: {x: 0, y: 0}
      m_Rotation: 0
      m_Anchor: 9
    m_Material: {fileID: 2100000, guid: 73c176f402d2c2f4d929aa5da7585d17, type: 2}
    m_SubmeshIndex: 0
    m_ManualUV: 0
    elementGroup: 0
    m_TextureGroup: 0
  - m_Indexes: 050000000700000004000000050000000600000007000000
    m_SmoothingGroup: 0
    m_Uv:
      m_UseWorldSpace: 0
      m_FlipU: 0
      m_FlipV: 0
      m_SwapUV: 0
      m_Fill: 1
      m_Scale: {x: 1, y: 1}
      m_Offset: {x: 0, y: 0}
      m_Rotation: 0
      m_Anchor: 9
    m_Material: {fileID: 2100000, guid: 73c176f402d2c2f4d929aa5da7585d17, type: 2}
    m_SubmeshIndex: 0
    m_ManualUV: 0
    elementGroup: 0
    m_TextureGroup: 0
  - m_Indexes: 0a00000009000000080000000a0000000b00000009000000
    m_SmoothingGroup: 0
    m_Uv:
      m_UseWorldSpace: 0
      m_FlipU: 0
      m_FlipV: 0
      m_SwapUV: 0
      m_Fill: 1
      m_Scale: {x: 1, y: 1}
      m_Offset: {x: 0, y: 0}
      m_Rotation: 0
      m_Anchor: 9
    m_Material: {fileID: 0}
    m_SubmeshIndex: 0
    m_ManualUV: 0
    elementGroup: -1
    m_TextureGroup: 0
  - m_Indexes: 0e0000000d0000000c0000000e0000000f0000000d000000
    m_SmoothingGroup: 0
    m_Uv:
      m_UseWorldSpace: 0
      m_FlipU: 0
      m_FlipV: 0
      m_SwapUV: 0
      m_Fill: 1
      m_Scale: {x: 1, y: 1}
      m_Offset: {x: 0, y: 0}
      m_Rotation: 0
      m_Anchor: 9
    m_Material: {fileID: 0}
    m_SubmeshIndex: 0
    m_ManualUV: 0
    elementGroup: -1
    m_TextureGroup: 0
  - m_Indexes: 120000001100000010000000120000001300000011000000
    m_SmoothingGroup: 0
    m_Uv:
      m_UseWorldSpace: 0
      m_FlipU: 0
      m_FlipV: 0
      m_SwapUV: 0
      m_Fill: 1
      m_Scale: {x: 1, y: 1}
      m_Offset: {x: 0, y: 0}
      m_Rotation: 0
      m_Anchor: 9
    m_Material: {fileID: 0}
    m_SubmeshIndex: 0
    m_ManualUV: 0
    elementGroup: -1
    m_TextureGroup: 0
  - m_Indexes: 160000001500000014000000160000001700000015000000
    m_SmoothingGroup: 0
    m_Uv:
      m_UseWorldSpace: 0
      m_FlipU: 0
      m_FlipV: 0
      m_SwapUV: 0
      m_Fill: 1
      m_Scale: {x: 1, y: 1}
      m_Offset: {x: 0, y: 0}
      m_Rotation: 0
      m_Anchor: 9
    m_Material: {fileID: 0}
    m_SubmeshIndex: 0
    m_ManualUV: 0
    elementGroup: -1
    m_TextureGroup: 0
  m_SharedVertices:
  - m_Vertices: 00000000080000000d000000
  - m_Vertices: 010000000900000014000000
  - m_Vertices: 020000001000000015000000
  - m_Vertices: 030000000c00000011000000
  - m_Vertices: 050000001200000017000000
  - m_Vertices: 070000000a0000000f000000
  - m_Vertices: 040000000e00000013000000
  - m_Vertices: 060000000b00000016000000
  m_SharedTextures: []
  m_Positions:
  - {x: 0.73, y: 0.995, z: -0.73}
  - {x: 0.26999998, y: 0.995, z: -0.73}
  - {x: 0.26999998, y: 0.995, z: -0.26999998}
  - {x: 0.73, y: 0.995, z: -0.26999998}
  - {x: 0.73, y: 0.004999995, z: -0.26999998}
  - {x: 0.26999998, y: 0.004999995, z: -0.26999998}
  - {x: 0.26999998, y: 0.004999995, z: -0.73}
  - {x: 0.73, y: 0.004999995, z: -0.73}
  - {x: 0.73, y: 0.995, z: -0.73}
  - {x: 0.26999998, y: 0.995, z: -0.73}
  - {x: 0.73, y: 0.004999995, z: -0.73}
  - {x: 0.26999998, y: 0.004999995, z: -0.73}
  - {x: 0.73, y: 0.995, z: -0.26999998}
  - {x: 0.73, y: 0.995, z: -0.73}
  - {x: 0.73, y: 0.004999995, z: -0.26999998}
  - {x: 0.73, y: 0.004999995, z: -0.73}
  - {x: 0.26999998, y: 0.995, z: -0.26999998}
  - {x: 0.73, y: 0.995, z: -0.26999998}
  - {x: 0.26999998, y: 0.004999995, z: -0.26999998}
  - {x: 0.73, y: 0.004999995, z: -0.26999998}
  - {x: 0.26999998, y: 0.995, z: -0.73}
  - {x: 0.26999998, y: 0.995, z: -0.26999998}
  - {x: 0.26999998, y: 0.004999995, z: -0.73}
  - {x: 0.26999998, y: 0.004999995, z: -0.26999998}
  m_Textures0:
  - {x: 0.73, y: -0.73}
  - {x: 0.26999998, y: -0.73}
  - {x: 0.26999998, y: -0.26999998}
  - {x: 0.73, y: -0.26999998}
  - {x: -0.73, y: -0.26999998}
  - {x: -0.26999998, y: -0.26999998}
  - {x: -0.26999998, y: -0.73}
  - {x: -0.73, y: -0.73}
  - {x: 0.73, y: 0.995}
  - {x: 0.26999998, y: 0.995}
  - {x: 0.73, y: 0.004999995}
  - {x: 0.26999998, y: 0.004999995}
  - {x: -0.26999998, y: 0.995}
  - {x: -0.73, y: 0.995}
  - {x: -0.26999998, y: 0.004999995}
  - {x: -0.73, y: 0.004999995}
  - {x: -0.26999998, y: 0.995}
  - {x: -0.73, y: 0.995}
  - {x: -0.26999998, y: 0.004999995}
  - {x: -0.73, y: 0.004999995}
  - {x: 0.73, y: 0.995}
  - {x: 0.26999998, y: 0.995}
  - {x: 0.73, y: 0.004999995}
  - {x: 0.26999998, y: 0.004999995}
  m_Textures2: []
  m_Textures3: []
  m_Tangents:
  - {x: 1, y: 0, z: 0, w: -1}
  - {x: 1, y: 0, z: 0, w: -1}
  - {x: 1, y: 0, z: 0, w: -1}
  - {x: 1, y: 0, z: 0, w: -1}
  - {x: -1, y: 0, z: 0, w: -1}
  - {x: -1, y: 0, z: 0, w: -1}
  - {x: -1, y: 0, z: 0, w: -1}
  - {x: -1, y: 0, z: 0, w: -1}
  - {x: 1, y: 0, z: 0, w: -1}
  - {x: 1, y: 0, z: 0, w: -1}
  - {x: 1, y: 0, z: 0, w: -1}
  - {x: 1, y: 0, z: 0, w: -1}
  - {x: 0, y: 0, z: 1, w: -1}
  - {x: 0, y: 0, z: 1, w: -1}
  - {x: 0, y: 0, z: 1, w: -1}
  - {x: 0, y: 0, z: 1, w: -1}
  - {x: -1, y: 0, z: 0, w: -1}
  - {x: -1, y: 0, z: 0, w: -1}
  - {x: -1, y: 0, z: 0, w: -1}
  - {x: -1, y: 0, z: 0, w: -1}
  - {x: 0, y: 0, z: -1, w: -1}
  - {x: 0, y: 0, z: -1, w: -1}
  - {x: 0, y: 0, z: -1, w: -1}
  - {x: 0, y: 0, z: -1, w: -1}
  m_Colors: []
  m_UnwrapParameters:
    m_HardAngle: 88
    m_PackMargin: 20
    m_AngleError: 8
    m_AreaError: 15
  m_PreserveMeshAssetOnDestroy: 0
  assetGuid: 
  m_IsSelectable: 1
  m_SelectedFaces: 
  m_SelectedEdges:
  - a: 0
    b: 1
  - a: 6
    b: 7
  m_SelectedVertices: 00000000010000000600000007000000
