%YAML 1.1
%TAG !u! tag:unity3d.com,2011:
--- !u!1 &8826487054421106392
GameObject:
  m_ObjectHideFlags: 0
  m_CorrespondingSourceObject: {fileID: 0}
  m_PrefabInstance: {fileID: 0}
  m_PrefabAsset: {fileID: 0}
  serializedVersion: 6
  m_Component:
  - component: {fileID: 8826487054421106395}
  - component: {fileID: 8826487054421106391}
  - component: {fileID: 8826487054421106388}
  - component: {fileID: 8826487054421106389}
  m_Layer: 0
  m_Name: Glass
  m_TagString: Untagged
  m_Icon: {fileID: 0}
  m_NavMeshLayer: 0
  m_StaticEditorFlags: 4294967295
  m_IsActive: 1
--- !u!4 &8826487054421106395
Transform:
  m_ObjectHideFlags: 0
  m_CorrespondingSourceObject: {fileID: 0}
  m_PrefabInstance: {fileID: 0}
  m_PrefabAsset: {fileID: 0}
  m_GameObject: {fileID: 8826487054421106392}
  m_LocalRotation: {x: -0, y: -0, z: -0, w: 1}
  m_LocalPosition: {x: -0.20000005, y: -0.5, z: 1.5}
  m_LocalScale: {x: 1, y: 1, z: 1}
  m_Children: []
  m_Father: {fileID: 8826487054988660004}
  m_RootOrder: 1
  m_LocalEulerAnglesHint: {x: 0, y: 0, z: 0}
--- !u!33 &8826487054421106391
MeshFilter:
  m_ObjectHideFlags: 0
  m_CorrespondingSourceObject: {fileID: 0}
  m_PrefabInstance: {fileID: 0}
  m_PrefabAsset: {fileID: 0}
  m_GameObject: {fileID: 8826487054421106392}
  m_Mesh: {fileID: 0}
--- !u!23 &8826487054421106388
MeshRenderer:
  m_ObjectHideFlags: 0
  m_CorrespondingSourceObject: {fileID: 0}
  m_PrefabInstance: {fileID: 0}
  m_PrefabAsset: {fileID: 0}
  m_GameObject: {fileID: 8826487054421106392}
  m_Enabled: 1
  m_CastShadows: 1
  m_ReceiveShadows: 1
  m_DynamicOccludee: 1
  m_MotionVectors: 1
  m_LightProbeUsage: 1
  m_ReflectionProbeUsage: 1
  m_RayTracingMode: 2
  m_RenderingLayerMask: 1
  m_RendererPriority: 0
  m_Materials:
  - {fileID: 2100000, guid: 7fe47a3fbb9b3154eb3b866fdc55d89b, type: 2}
  m_StaticBatchInfo:
    firstSubMesh: 0
    subMeshCount: 0
  m_StaticBatchRoot: {fileID: 0}
  m_ProbeAnchor: {fileID: 0}
  m_LightProbeVolumeOverride: {fileID: 0}
  m_ScaleInLightmap: 1
  m_ReceiveGI: 1
  m_PreserveUVs: 0
  m_IgnoreNormalsForChartDetection: 0
  m_ImportantGI: 0
  m_StitchLightmapSeams: 0
  m_SelectedEditorRenderState: 2
  m_MinimumChartSize: 4
  m_AutoUVMaxDistance: 0.5
  m_AutoUVMaxAngle: 89
  m_LightmapParameters: {fileID: 0}
  m_SortingLayerID: 0
  m_SortingLayer: 0
  m_SortingOrder: 0
--- !u!114 &8826487054421106389
MonoBehaviour:
  m_ObjectHideFlags: 0
  m_CorrespondingSourceObject: {fileID: 0}
  m_PrefabInstance: {fileID: 0}
  m_PrefabAsset: {fileID: 0}
  m_GameObject: {fileID: 8826487054421106392}
  m_Enabled: 1
  m_EditorHideFlags: 0
  m_Script: {fileID: 11500000, guid: 8233d90336aea43098adf6dbabd606a2, type: 3}
  m_Name: 
  m_EditorClassIdentifier: 
  m_MeshFormatVersion: 1
  m_Faces:
  - m_Indexes: 000000000100000002000000010000000300000002000000
    m_SmoothingGroup: 0
    m_Uv:
      m_UseWorldSpace: 0
      m_FlipU: 0
      m_FlipV: 0
      m_SwapUV: 0
      m_Fill: 1
      m_Scale: {x: 1, y: 1}
      m_Offset: {x: 0, y: 0}
      m_Rotation: 0
      m_Anchor: 9
    m_Material: {fileID: 0}
    m_SubmeshIndex: 0
    m_ManualUV: 0
    elementGroup: -1
    m_TextureGroup: 0
  - m_Indexes: 040000000500000006000000050000000700000006000000
    m_SmoothingGroup: 0
    m_Uv:
      m_UseWorldSpace: 0
      m_FlipU: 0
      m_FlipV: 0
      m_SwapUV: 0
      m_Fill: 1
      m_Scale: {x: 1, y: 1}
      m_Offset: {x: 0, y: 0}
      m_Rotation: 0
      m_Anchor: 9
    m_Material: {fileID: 0}
    m_SubmeshIndex: 0
    m_ManualUV: 0
    elementGroup: -1
    m_TextureGroup: 0
  - m_Indexes: 08000000090000000a0000000b000000080000000a000000
    m_SmoothingGroup: 0
    m_Uv:
      m_UseWorldSpace: 0
      m_FlipU: 0
      m_FlipV: 0
      m_SwapUV: 0
      m_Fill: 1
      m_Scale: {x: 1, y: 1}
      m_Offset: {x: 0, y: 0}
      m_Rotation: 0
      m_Anchor: 9
    m_Material: {fileID: 2100000, guid: 73c176f402d2c2f4d929aa5da7585d17, type: 2}
    m_SubmeshIndex: 0
    m_ManualUV: 0
    elementGroup: 0
    m_TextureGroup: -1
  - m_Indexes: 0c0000000d0000000e0000000f0000000c0000000e000000
    m_SmoothingGroup: 0
    m_Uv:
      m_UseWorldSpace: 0
      m_FlipU: 0
      m_FlipV: 0
      m_SwapUV: 0
      m_Fill: 1
      m_Scale: {x: 1, y: 1}
      m_Offset: {x: 0, y: 0}
      m_Rotation: 0
      m_Anchor: 9
    m_Material: {fileID: 2100000, guid: 73c176f402d2c2f4d929aa5da7585d17, type: 2}
    m_SubmeshIndex: 0
    m_ManualUV: 0
    elementGroup: 0
    m_TextureGroup: 0
  - m_Indexes: 130000001100000012000000130000001000000011000000
    m_SmoothingGroup: 0
    m_Uv:
      m_UseWorldSpace: 0
      m_FlipU: 0
      m_FlipV: 0
      m_SwapUV: 0
      m_Fill: 1
      m_Scale: {x: 1, y: 1}
      m_Offset: {x: 0, y: 0}
      m_Rotation: 0
      m_Anchor: 9
    m_Material: {fileID: 2100000, guid: 73c176f402d2c2f4d929aa5da7585d17, type: 2}
    m_SubmeshIndex: 0
    m_ManualUV: 0
    elementGroup: 0
    m_TextureGroup: 0
  - m_Indexes: 170000001500000016000000170000001400000015000000
    m_SmoothingGroup: 0
    m_Uv:
      m_UseWorldSpace: 0
      m_FlipU: 0
      m_FlipV: 0
      m_SwapUV: 0
      m_Fill: 1
      m_Scale: {x: 1, y: 1}
      m_Offset: {x: 0, y: 0}
      m_Rotation: 0
      m_Anchor: 9
    m_Material: {fileID: 2100000, guid: 73c176f402d2c2f4d929aa5da7585d17, type: 2}
    m_SubmeshIndex: 0
    m_ManualUV: 0
    elementGroup: 0
    m_TextureGroup: 0
  - m_Indexes: 1a0000001b00000018000000190000001a00000018000000
    m_SmoothingGroup: 0
    m_Uv:
      m_UseWorldSpace: 0
      m_FlipU: 0
      m_FlipV: 0
      m_SwapUV: 0
      m_Fill: 1
      m_Scale: {x: 1, y: 1}
      m_Offset: {x: 0, y: 0}
      m_Rotation: 0
      m_Anchor: 9
    m_Material: {fileID: 2100000, guid: 73c176f402d2c2f4d929aa5da7585d17, type: 2}
    m_SubmeshIndex: 0
    m_ManualUV: 0
    elementGroup: 0
    m_TextureGroup: 0
  - m_Indexes: 1e0000001c0000001d0000001e0000001f0000001c000000
    m_SmoothingGroup: 0
    m_Uv:
      m_UseWorldSpace: 0
      m_FlipU: 0
      m_FlipV: 0
      m_SwapUV: 0
      m_Fill: 1
      m_Scale: {x: 1, y: 1}
      m_Offset: {x: 0, y: 0}
      m_Rotation: 0
      m_Anchor: 9
    m_Material: {fileID: 2100000, guid: 73c176f402d2c2f4d929aa5da7585d17, type: 2}
    m_SubmeshIndex: 0
    m_ManualUV: 0
    elementGroup: 0
    m_TextureGroup: 0
  - m_Indexes: 220000002300000020000000210000002200000020000000
    m_SmoothingGroup: 0
    m_Uv:
      m_UseWorldSpace: 0
      m_FlipU: 0
      m_FlipV: 0
      m_SwapUV: 0
      m_Fill: 1
      m_Scale: {x: 1, y: 1}
      m_Offset: {x: 0, y: 0}
      m_Rotation: 0
      m_Anchor: 9
    m_Material: {fileID: 2100000, guid: 73c176f402d2c2f4d929aa5da7585d17, type: 2}
    m_SubmeshIndex: 0
    m_ManualUV: 0
    elementGroup: 0
    m_TextureGroup: 0
  - m_Indexes: 260000002400000025000000260000002700000024000000
    m_SmoothingGroup: 0
    m_Uv:
      m_UseWorldSpace: 0
      m_FlipU: 0
      m_FlipV: 0
      m_SwapUV: 0
      m_Fill: 1
      m_Scale: {x: 1, y: 1}
      m_Offset: {x: 0, y: 0}
      m_Rotation: 0
      m_Anchor: 9
    m_Material: {fileID: 2100000, guid: 73c176f402d2c2f4d929aa5da7585d17, type: 2}
    m_SubmeshIndex: 0
    m_ManualUV: 0
    elementGroup: 0
    m_TextureGroup: 0
  - m_Indexes: 28000000290000002a000000290000002b0000002a000000
    m_SmoothingGroup: 0
    m_Uv:
      m_UseWorldSpace: 0
      m_FlipU: 0
      m_FlipV: 0
      m_SwapUV: 0
      m_Fill: 1
      m_Scale: {x: 1, y: 1}
      m_Offset: {x: 0, y: 0}
      m_Rotation: 0
      m_Anchor: 9
    m_Material: {fileID: 0}
    m_SubmeshIndex: 0
    m_ManualUV: 0
    elementGroup: -1
    m_TextureGroup: -1
  - m_Indexes: 2c0000002d0000002e0000002d0000002f0000002e000000
    m_SmoothingGroup: 0
    m_Uv:
      m_UseWorldSpace: 0
      m_FlipU: 0
      m_FlipV: 0
      m_SwapUV: 0
      m_Fill: 1
      m_Scale: {x: 1, y: 1}
      m_Offset: {x: 0, y: 0}
      m_Rotation: 0
      m_Anchor: 9
    m_Material: {fileID: 0}
    m_SubmeshIndex: 0
    m_ManualUV: 0
    elementGroup: -1
    m_TextureGroup: -1
  - m_Indexes: 300000003100000032000000310000003300000032000000
    m_SmoothingGroup: 0
    m_Uv:
      m_UseWorldSpace: 0
      m_FlipU: 0
      m_FlipV: 0
      m_SwapUV: 0
      m_Fill: 1
      m_Scale: {x: 1, y: 1}
      m_Offset: {x: 0, y: 0}
      m_Rotation: 0
      m_Anchor: 9
    m_Material: {fileID: 0}
    m_SubmeshIndex: 0
    m_ManualUV: 0
    elementGroup: -1
    m_TextureGroup: -1
  - m_Indexes: 340000003500000036000000350000003700000036000000
    m_SmoothingGroup: 0
    m_Uv:
      m_UseWorldSpace: 0
      m_FlipU: 0
      m_FlipV: 0
      m_SwapUV: 0
      m_Fill: 1
      m_Scale: {x: 1, y: 1}
      m_Offset: {x: 0, y: 0}
      m_Rotation: 0
      m_Anchor: 9
    m_Material: {fileID: 0}
    m_SubmeshIndex: 0
    m_ManualUV: 0
    elementGroup: -1
    m_TextureGroup: -1
  m_SharedVertices:
  - m_Vertices: 000000001500000026000000
  - m_Vertices: 01000000250000002800000031000000
  - m_Vertices: 080000002a00000033000000
  - m_Vertices: 020000001600000018000000
  - m_Vertices: 03000000190000003000000035000000
  - m_Vertices: 0b0000003200000037000000
  - m_Vertices: 040000000d00000021000000
  - m_Vertices: 050000001000000020000000
  - m_Vertices: 060000000e0000001d000000
  - m_Vertices: 07000000130000001e000000
  - m_Vertices: 090000002b0000002e000000
  - m_Vertices: 0c0000002200000024000000290000002c000000
  - m_Vertices: 0a0000002f00000036000000
  - m_Vertices: 0f0000001a0000001c0000002d00000034000000
  - m_Vertices: 11000000140000002300000027000000
  - m_Vertices: 12000000170000001b0000001f000000
  m_SharedTextures: []
  m_Positions:
  - {x: 0, y: 0, z: -1.3000002}
  - {x: 0.39999998, y: 0, z: -1.3000002}
  - {x: 0, y: 1, z: -1.3000002}
  - {x: 0.39999998, y: 1, z: -1.3000002}
  - {x: 0.40000153, y: 0, z: -3.5}
  - {x: 0, y: 0, z: -3.5}
  - {x: 0.40000153, y: 1, z: -3.5}
  - {x: 0, y: 1, z: -3.5}
  - {x: 2.2000008, y: 0, z: -1.3000002}
  - {x: 2.2000008, y: 0, z: -1.6999998}
  - {x: 2.2000008, y: 1, z: -1.6999998}
  - {x: 2.2000008, y: 1, z: -1.3000002}
  - {x: 0.39999998, y: 0, z: -1.6999998}
  - {x: 0.40000153, y: 0, z: -3.5}
  - {x: 0.40000153, y: 1, z: -3.5}
  - {x: 0.39999998, y: 1, z: -1.6999998}
  - {x: 0, y: 0, z: -3.5}
  - {x: 0, y: 0, z: -1.6999998}
  - {x: 0, y: 1, z: -1.6999998}
  - {x: 0, y: 1, z: -3.5}
  - {x: 0, y: 0, z: -1.6999998}
  - {x: 0, y: 0, z: -1.3000002}
  - {x: 0, y: 1, z: -1.3000002}
  - {x: 0, y: 1, z: -1.6999998}
  - {x: 0, y: 1, z: -1.3000002}
  - {x: 0.39999998, y: 1, z: -1.3000002}
  - {x: 0.39999998, y: 1, z: -1.6999998}
  - {x: 0, y: 1, z: -1.6999998}
  - {x: 0.39999998, y: 1, z: -1.6999998}
  - {x: 0.40000153, y: 1, z: -3.5}
  - {x: 0, y: 1, z: -3.5}
  - {x: 0, y: 1, z: -1.6999998}
  - {x: 0, y: 0, z: -3.5}
  - {x: 0.40000153, y: 0, z: -3.5}
  - {x: 0.39999998, y: 0, z: -1.6999998}
  - {x: 0, y: 0, z: -1.6999998}
  - {x: 0.39999998, y: 0, z: -1.6999998}
  - {x: 0.39999998, y: 0, z: -1.3000002}
  - {x: 0, y: 0, z: -1.3000002}
  - {x: 0, y: 0, z: -1.6999998}
  - {x: 0.39999998, y: 0, z: -1.3000002}
  - {x: 0.39999998, y: 0, z: -1.6999998}
  - {x: 2.2000008, y: 0, z: -1.3000002}
  - {x: 2.2000008, y: 0, z: -1.6999998}
  - {x: 0.39999998, y: 0, z: -1.6999998}
  - {x: 0.39999998, y: 1, z: -1.6999998}
  - {x: 2.2000008, y: 0, z: -1.6999998}
  - {x: 2.2000008, y: 1, z: -1.6999998}
  - {x: 0.39999998, y: 1, z: -1.3000002}
  - {x: 0.39999998, y: 0, z: -1.3000002}
  - {x: 2.2000008, y: 1, z: -1.3000002}
  - {x: 2.2000008, y: 0, z: -1.3000002}
  - {x: 0.39999998, y: 1, z: -1.6999998}
  - {x: 0.39999998, y: 1, z: -1.3000002}
  - {x: 2.2000008, y: 1, z: -1.6999998}
  - {x: 2.2000008, y: 1, z: -1.3000002}
  m_Textures0:
  - {x: 0, y: 0}
  - {x: -0.39999998, y: 0}
  - {x: 0, y: 1}
  - {x: -0.39999998, y: 1}
  - {x: 0.40000153, y: 0}
  - {x: 0, y: 0}
  - {x: 0.40000153, y: 1}
  - {x: 0, y: 1}
  - {x: -1.3000002, y: 0}
  - {x: -1.6999998, y: 0}
  - {x: -1.6999998, y: 1}
  - {x: -1.3000002, y: 1}
  - {x: -1.7000002, y: 0}
  - {x: -3.5000002, y: 0}
  - {x: -3.5000002, y: 1}
  - {x: -1.7000002, y: 1}
  - {x: 3.5, y: 0}
  - {x: 1.6999998, y: 0}
  - {x: 1.6999998, y: 1}
  - {x: 3.5, y: 1}
  - {x: 1.6999998, y: 0}
  - {x: 1.3000002, y: 0}
  - {x: 1.3000002, y: 1}
  - {x: 1.6999998, y: 1}
  - {x: 0, y: -1.3000002}
  - {x: 0.39999998, y: -1.3000002}
  - {x: 0.39999998, y: -1.6999998}
  - {x: 0, y: -1.6999998}
  - {x: 0.39999998, y: -1.6999998}
  - {x: 0.40000153, y: -3.5}
  - {x: 0, y: -3.5}
  - {x: 0, y: -1.6999998}
  - {x: 0, y: -3.5}
  - {x: -0.40000153, y: -3.5}
  - {x: -0.39999998, y: -1.6999998}
  - {x: 0, y: -1.6999998}
  - {x: -0.39999998, y: -1.6999998}
  - {x: -0.39999998, y: -1.3000002}
  - {x: 0, y: -1.3000002}
  - {x: 0, y: -1.6999998}
  - {x: -0.39999998, y: -1.3000002}
  - {x: -0.39999998, y: -1.6999998}
  - {x: -2.2000008, y: -1.3000002}
  - {x: -2.2000008, y: -1.6999998}
  - {x: 0.39999998, y: 0}
  - {x: 0.39999998, y: 1}
  - {x: 2.2000008, y: 0}
  - {x: 2.2000008, y: 1}
  - {x: -0.39999998, y: 1}
  - {x: -0.39999998, y: 0}
  - {x: -2.2000008, y: 1}
  - {x: -2.2000008, y: 0}
  - {x: 0.39999998, y: -1.6999998}
  - {x: 0.39999998, y: -1.3000002}
  - {x: 2.2000008, y: -1.6999998}
  - {x: 2.2000008, y: -1.3000002}
  m_Textures2: []
  m_Textures3: []
  m_Tangents:
  - {x: -1, y: 0, z: 0, w: -1}
  - {x: -1, y: 0, z: 0, w: -1}
  - {x: -1, y: 0, z: 0, w: -1}
  - {x: -1, y: 0, z: 0, w: -1}
  - {x: 1, y: 0, z: 0, w: -1}
  - {x: 1, y: 0, z: 0, w: -1}
  - {x: 1, y: 0, z: 0, w: -1}
  - {x: 1, y: 0, z: 0, w: -1}
  - {x: 0, y: 0, z: 1, w: -1}
  - {x: 0, y: 0, z: 1, w: -1}
  - {x: 0, y: 0, z: 1, w: -1}
  - {x: 0, y: 0, z: 1, w: -1}
  - {x: -0.0000008609559, y: 0, z: 1, w: -1}
  - {x: -0.0000008609559, y: 0, z: 1, w: -1}
  - {x: -0.0000008609559, y: 0, z: 1, w: -1}
  - {x: -0.0000008609559, y: 0, z: 1, w: -1}
  - {x: 0, y: 0, z: -1, w: -1}
  - {x: 0, y: 0, z: -1, w: -1}
  - {x: 0, y: 0, z: -1, w: -1}
  - {x: 0, y: 0, z: -1, w: -1}
  - {x: 0, y: 0, z: -1, w: -1}
  - {x: 0, y: 0, z: -1, w: -1}
  - {x: 0, y: 0, z: -1, w: -1}
  - {x: 0, y: 0, z: -1, w: -1}
  - {x: 1, y: 0, z: 0, w: -1}
  - {x: 1, y: 0, z: 0, w: -1}
  - {x: 1, y: 0, z: 0, w: -1}
  - {x: 1, y: 0, z: 0, w: -1}
  - {x: 1, y: 0, z: 0, w: -1}
  - {x: 1, y: 0, z: 0, w: -1}
  - {x: 1, y: 0, z: 0, w: -1}
  - {x: 1, y: 0, z: 0, w: -1}
  - {x: -1, y: 0, z: 0, w: -1}
  - {x: -1, y: 0, z: 0, w: -1}
  - {x: -1, y: 0, z: 0, w: -1}
  - {x: -1, y: 0, z: 0, w: -1}
  - {x: -1, y: 0, z: 0, w: -1}
  - {x: -1, y: 0, z: 0, w: -1}
  - {x: -1, y: 0, z: 0, w: -1}
  - {x: -1, y: 0, z: 0, w: -1}
  - {x: -1, y: 0, z: 0, w: -1}
  - {x: -1, y: 0, z: 0, w: -1}
  - {x: -1, y: 0, z: 0, w: -1}
  - {x: -1, y: 0, z: 0, w: -1}
  - {x: 1, y: 0, z: 0, w: -1}
  - {x: 1, y: 0, z: 0, w: -1}
  - {x: 1, y: 0, z: 0, w: -1}
  - {x: 1, y: 0, z: 0, w: -1}
  - {x: -1, y: 0, z: 0, w: -1}
  - {x: -1, y: 0, z: 0, w: -1}
  - {x: -1, y: 0, z: 0, w: -1}
  - {x: -1, y: 0, z: 0, w: -1}
  - {x: 1, y: 0, z: 0, w: -1}
  - {x: 1, y: 0, z: 0, w: -1}
  - {x: 1, y: 0, z: 0, w: -1}
  - {x: 1, y: 0, z: 0, w: -1}
  m_Colors: []
  m_UnwrapParameters:
    m_HardAngle: 88
    m_PackMargin: 20
    m_AngleError: 8
    m_AreaError: 15
  m_PreserveMeshAssetOnDestroy: 0
  assetGuid: 
  m_IsSelectable: 1
  m_SelectedFaces: 
  m_SelectedEdges: []
  m_SelectedVertices: 
--- !u!1 &8826487054819258677
GameObject:
  m_ObjectHideFlags: 0
  m_CorrespondingSourceObject: {fileID: 0}
  m_PrefabInstance: {fileID: 0}
  m_PrefabAsset: {fileID: 0}
  serializedVersion: 6
  m_Component:
  - component: {fileID: 8826487054819258676}
  - component: {fileID: 8826487054819258672}
  - component: {fileID: 8826487054819258673}
  - component: {fileID: 8826487054819258678}
  m_Layer: 0
  m_Name: Light
  m_TagString: Untagged
  m_Icon: {fileID: 0}
  m_NavMeshLayer: 0
  m_StaticEditorFlags: 4294967295
  m_IsActive: 1
--- !u!4 &8826487054819258676
Transform:
  m_ObjectHideFlags: 0
  m_CorrespondingSourceObject: {fileID: 0}
  m_PrefabInstance: {fileID: 0}
  m_PrefabAsset: {fileID: 0}
  m_GameObject: {fileID: 8826487054819258677}
  m_LocalRotation: {x: -0, y: -0, z: -0, w: 1}
  m_LocalPosition: {x: -0.2, y: -0.5, z: 1.5}
  m_LocalScale: {x: 1, y: 1, z: 1}
  m_Children: []
  m_Father: {fileID: 8826487054988660004}
  m_RootOrder: 0
  m_LocalEulerAnglesHint: {x: 0, y: 0, z: 0}
--- !u!33 &8826487054819258672
MeshFilter:
  m_ObjectHideFlags: 0
  m_CorrespondingSourceObject: {fileID: 0}
  m_PrefabInstance: {fileID: 0}
  m_PrefabAsset: {fileID: 0}
  m_GameObject: {fileID: 8826487054819258677}
  m_Mesh: {fileID: 0}
--- !u!23 &8826487054819258673
MeshRenderer:
  m_ObjectHideFlags: 0
  m_CorrespondingSourceObject: {fileID: 0}
  m_PrefabInstance: {fileID: 0}
  m_PrefabAsset: {fileID: 0}
  m_GameObject: {fileID: 8826487054819258677}
  m_Enabled: 1
  m_CastShadows: 1
  m_ReceiveShadows: 1
  m_DynamicOccludee: 1
  m_MotionVectors: 1
  m_LightProbeUsage: 1
  m_ReflectionProbeUsage: 1
  m_RayTracingMode: 2
  m_RenderingLayerMask: 1
  m_RendererPriority: 0
  m_Materials:
  - {fileID: 2100000, guid: 052ba6cb524ba924385ba77cc0fc7fc6, type: 2}
  m_StaticBatchInfo:
    firstSubMesh: 0
    subMeshCount: 0
  m_StaticBatchRoot: {fileID: 0}
  m_ProbeAnchor: {fileID: 0}
  m_LightProbeVolumeOverride: {fileID: 0}
  m_ScaleInLightmap: 1
  m_ReceiveGI: 1
  m_PreserveUVs: 0
  m_IgnoreNormalsForChartDetection: 0
  m_ImportantGI: 0
  m_StitchLightmapSeams: 0
  m_SelectedEditorRenderState: 2
  m_MinimumChartSize: 4
  m_AutoUVMaxDistance: 0.5
  m_AutoUVMaxAngle: 89
  m_LightmapParameters: {fileID: 0}
  m_SortingLayerID: 0
  m_SortingLayer: 0
  m_SortingOrder: 0
--- !u!114 &8826487054819258678
MonoBehaviour:
  m_ObjectHideFlags: 0
  m_CorrespondingSourceObject: {fileID: 0}
  m_PrefabInstance: {fileID: 0}
  m_PrefabAsset: {fileID: 0}
  m_GameObject: {fileID: 8826487054819258677}
  m_Enabled: 1
  m_EditorHideFlags: 0
  m_Script: {fileID: 11500000, guid: 8233d90336aea43098adf6dbabd606a2, type: 3}
  m_Name: 
  m_EditorClassIdentifier: 
  m_MeshFormatVersion: 1
  m_Faces:
  - m_Indexes: 000000000100000002000000010000000300000002000000
    m_SmoothingGroup: 0
    m_Uv:
      m_UseWorldSpace: 0
      m_FlipU: 0
      m_FlipV: 0
      m_SwapUV: 0
      m_Fill: 1
      m_Scale: {x: 1, y: 1}
      m_Offset: {x: 0, y: 0}
      m_Rotation: 0
      m_Anchor: 9
    m_Material: {fileID: 0}
    m_SubmeshIndex: 0
    m_ManualUV: 0
    elementGroup: -1
    m_TextureGroup: 0
  - m_Indexes: 040000000500000006000000050000000700000006000000
    m_SmoothingGroup: 0
    m_Uv:
      m_UseWorldSpace: 0
      m_FlipU: 0
      m_FlipV: 0
      m_SwapUV: 0
      m_Fill: 1
      m_Scale: {x: 1, y: 1}
      m_Offset: {x: 0, y: 0}
      m_Rotation: 0
      m_Anchor: 9
    m_Material: {fileID: 0}
    m_SubmeshIndex: 0
    m_ManualUV: 0
    elementGroup: -1
    m_TextureGroup: 0
  - m_Indexes: 08000000090000000a0000000b000000080000000a000000
    m_SmoothingGroup: 0
    m_Uv:
      m_UseWorldSpace: 0
      m_FlipU: 0
      m_FlipV: 0
      m_SwapUV: 0
      m_Fill: 1
      m_Scale: {x: 1, y: 1}
      m_Offset: {x: 0, y: 0}
      m_Rotation: 0
      m_Anchor: 9
    m_Material: {fileID: 2100000, guid: 73c176f402d2c2f4d929aa5da7585d17, type: 2}
    m_SubmeshIndex: 0
    m_ManualUV: 0
    elementGroup: 0
    m_TextureGroup: 0
  - m_Indexes: 0c0000000d0000000e0000000f0000000c0000000e000000
    m_SmoothingGroup: 0
    m_Uv:
      m_UseWorldSpace: 0
      m_FlipU: 0
      m_FlipV: 0
      m_SwapUV: 0
      m_Fill: 1
      m_Scale: {x: 1, y: 1}
      m_Offset: {x: 0, y: 0}
      m_Rotation: 0
      m_Anchor: 9
    m_Material: {fileID: 2100000, guid: 73c176f402d2c2f4d929aa5da7585d17, type: 2}
    m_SubmeshIndex: 0
    m_ManualUV: 0
    elementGroup: 0
    m_TextureGroup: 0
  - m_Indexes: 130000001100000012000000130000001000000011000000
    m_SmoothingGroup: 0
    m_Uv:
      m_UseWorldSpace: 0
      m_FlipU: 0
      m_FlipV: 0
      m_SwapUV: 0
      m_Fill: 1
      m_Scale: {x: 1, y: 1}
      m_Offset: {x: 0, y: 0}
      m_Rotation: 0
      m_Anchor: 9
    m_Material: {fileID: 2100000, guid: 73c176f402d2c2f4d929aa5da7585d17, type: 2}
    m_SubmeshIndex: 0
    m_ManualUV: 0
    elementGroup: 0
    m_TextureGroup: 0
  - m_Indexes: 170000001500000016000000170000001400000015000000
    m_SmoothingGroup: 0
    m_Uv:
      m_UseWorldSpace: 0
      m_FlipU: 0
      m_FlipV: 0
      m_SwapUV: 0
      m_Fill: 1
      m_Scale: {x: 1, y: 1}
      m_Offset: {x: 0, y: 0}
      m_Rotation: 0
      m_Anchor: 9
    m_Material: {fileID: 2100000, guid: 73c176f402d2c2f4d929aa5da7585d17, type: 2}
    m_SubmeshIndex: 0
    m_ManualUV: 0
    elementGroup: 0
    m_TextureGroup: 0
  - m_Indexes: 1a0000001b00000018000000190000001a00000018000000
    m_SmoothingGroup: 0
    m_Uv:
      m_UseWorldSpace: 0
      m_FlipU: 0
      m_FlipV: 0
      m_SwapUV: 0
      m_Fill: 1
      m_Scale: {x: 1, y: 1}
      m_Offset: {x: 0, y: 0}
      m_Rotation: 0
      m_Anchor: 9
    m_Material: {fileID: 2100000, guid: 73c176f402d2c2f4d929aa5da7585d17, type: 2}
    m_SubmeshIndex: 0
    m_ManualUV: 0
    elementGroup: 0
    m_TextureGroup: 0
  - m_Indexes: 1e0000001c0000001d0000001e0000001f0000001c000000
    m_SmoothingGroup: 0
    m_Uv:
      m_UseWorldSpace: 0
      m_FlipU: 0
      m_FlipV: 0
      m_SwapUV: 0
      m_Fill: 1
      m_Scale: {x: 1, y: 1}
      m_Offset: {x: 0, y: 0}
      m_Rotation: 0
      m_Anchor: 9
    m_Material: {fileID: 2100000, guid: 73c176f402d2c2f4d929aa5da7585d17, type: 2}
    m_SubmeshIndex: 0
    m_ManualUV: 0
    elementGroup: 0
    m_TextureGroup: 0
  - m_Indexes: 220000002300000020000000210000002200000020000000
    m_SmoothingGroup: 0
    m_Uv:
      m_UseWorldSpace: 0
      m_FlipU: 0
      m_FlipV: 0
      m_SwapUV: 0
      m_Fill: 1
      m_Scale: {x: 1, y: 1}
      m_Offset: {x: 0, y: 0}
      m_Rotation: 0
      m_Anchor: 9
    m_Material: {fileID: 2100000, guid: 73c176f402d2c2f4d929aa5da7585d17, type: 2}
    m_SubmeshIndex: 0
    m_ManualUV: 0
    elementGroup: 0
    m_TextureGroup: 0
  - m_Indexes: 260000002400000025000000260000002700000024000000
    m_SmoothingGroup: 0
    m_Uv:
      m_UseWorldSpace: 0
      m_FlipU: 0
      m_FlipV: 0
      m_SwapUV: 0
      m_Fill: 1
      m_Scale: {x: 1, y: 1}
      m_Offset: {x: 0, y: 0}
      m_Rotation: 0
      m_Anchor: 9
    m_Material: {fileID: 2100000, guid: 73c176f402d2c2f4d929aa5da7585d17, type: 2}
    m_SubmeshIndex: 0
    m_ManualUV: 0
    elementGroup: 0
    m_TextureGroup: 0
  - m_Indexes: 28000000290000002a000000290000002b0000002a000000
    m_SmoothingGroup: 0
    m_Uv:
      m_UseWorldSpace: 0
      m_FlipU: 0
      m_FlipV: 0
      m_SwapUV: 0
      m_Fill: 1
      m_Scale: {x: 1, y: 1}
      m_Offset: {x: 0, y: 0}
      m_Rotation: 0
      m_Anchor: 9
    m_Material: {fileID: 0}
    m_SubmeshIndex: 0
    m_ManualUV: 0
    elementGroup: -1
    m_TextureGroup: 0
  - m_Indexes: 2c0000002d0000002e0000002d0000002f0000002e000000
    m_SmoothingGroup: 0
    m_Uv:
      m_UseWorldSpace: 0
      m_FlipU: 0
      m_FlipV: 0
      m_SwapUV: 0
      m_Fill: 1
      m_Scale: {x: 1, y: 1}
      m_Offset: {x: 0, y: 0}
      m_Rotation: 0
      m_Anchor: 9
    m_Material: {fileID: 0}
    m_SubmeshIndex: 0
    m_ManualUV: 0
    elementGroup: -1
    m_TextureGroup: 0
  - m_Indexes: 300000003100000032000000310000003300000032000000
    m_SmoothingGroup: 0
    m_Uv:
      m_UseWorldSpace: 0
      m_FlipU: 0
      m_FlipV: 0
      m_SwapUV: 0
      m_Fill: 1
      m_Scale: {x: 1, y: 1}
      m_Offset: {x: 0, y: 0}
      m_Rotation: 0
      m_Anchor: 9
    m_Material: {fileID: 0}
    m_SubmeshIndex: 0
    m_ManualUV: 0
    elementGroup: -1
    m_TextureGroup: 0
  - m_Indexes: 340000003500000036000000350000003700000036000000
    m_SmoothingGroup: 0
    m_Uv:
      m_UseWorldSpace: 0
      m_FlipU: 0
      m_FlipV: 0
      m_SwapUV: 0
      m_Fill: 1
      m_Scale: {x: 1, y: 1}
      m_Offset: {x: 0, y: 0}
      m_Rotation: 0
      m_Anchor: 9
    m_Material: {fileID: 0}
    m_SubmeshIndex: 0
    m_ManualUV: 0
    elementGroup: -1
    m_TextureGroup: 0
  m_SharedVertices:
  - m_Vertices: 000000001500000026000000
  - m_Vertices: 01000000250000002800000031000000
  - m_Vertices: 080000002a00000033000000
  - m_Vertices: 020000001600000018000000
  - m_Vertices: 03000000190000003000000035000000
  - m_Vertices: 0b0000003200000037000000
  - m_Vertices: 040000000d00000021000000
  - m_Vertices: 050000001000000020000000
  - m_Vertices: 060000000e0000001d000000
  - m_Vertices: 07000000130000001e000000
  - m_Vertices: 090000002b0000002e000000
  - m_Vertices: 0c0000002200000024000000290000002c000000
  - m_Vertices: 0a0000002f00000036000000
  - m_Vertices: 0f0000001a0000001c0000002d00000034000000
  - m_Vertices: 11000000140000002300000027000000
  - m_Vertices: 12000000170000001b0000001f000000
  m_SharedTextures: []
  m_Positions:
  - {x: 0.01999998, y: 0.03, z: -1.3200006}
  - {x: 0.38, y: 0.03, z: -1.3200006}
  - {x: 0.01999998, y: 0.98, z: -1.3200006}
  - {x: 0.38, y: 0.98, z: -1.3200006}
  - {x: 0.38000107, y: 0.029999733, z: -3.5}
  - {x: 0.020000458, y: 0.029999733, z: -3.5}
  - {x: 0.38000107, y: 0.97999954, z: -3.5}
  - {x: 0.020000458, y: 0.97999954, z: -3.5}
  - {x: 2.2000008, y: 0.029999733, z: -1.3200006}
  - {x: 2.2000008, y: 0.029999733, z: -1.6799994}
  - {x: 2.2000008, y: 0.97999954, z: -1.6799994}
  - {x: 2.2000008, y: 0.97999954, z: -1.3200006}
  - {x: 0.38, y: 0.03, z: -1.6799994}
  - {x: 0.38000107, y: 0.029999733, z: -3.5}
  - {x: 0.38000107, y: 0.97999954, z: -3.5}
  - {x: 0.38, y: 0.98, z: -1.6799994}
  - {x: 0.020000458, y: 0.029999733, z: -3.5}
  - {x: 0.01999998, y: 0.03, z: -1.6799994}
  - {x: 0.01999998, y: 0.98, z: -1.6799994}
  - {x: 0.020000458, y: 0.97999954, z: -3.5}
  - {x: 0.01999998, y: 0.03, z: -1.6799994}
  - {x: 0.01999998, y: 0.03, z: -1.3200006}
  - {x: 0.01999998, y: 0.98, z: -1.3200006}
  - {x: 0.01999998, y: 0.98, z: -1.6799994}
  - {x: 0.01999998, y: 0.98, z: -1.3200006}
  - {x: 0.38, y: 0.98, z: -1.3200006}
  - {x: 0.38, y: 0.98, z: -1.6799994}
  - {x: 0.01999998, y: 0.98, z: -1.6799994}
  - {x: 0.38, y: 0.98, z: -1.6799994}
  - {x: 0.38000107, y: 0.97999954, z: -3.5}
  - {x: 0.020000458, y: 0.97999954, z: -3.5}
  - {x: 0.01999998, y: 0.98, z: -1.6799994}
  - {x: 0.020000458, y: 0.029999733, z: -3.5}
  - {x: 0.38000107, y: 0.029999733, z: -3.5}
  - {x: 0.38, y: 0.03, z: -1.6799994}
  - {x: 0.01999998, y: 0.03, z: -1.6799994}
  - {x: 0.38, y: 0.03, z: -1.6799994}
  - {x: 0.38, y: 0.03, z: -1.3200006}
  - {x: 0.01999998, y: 0.03, z: -1.3200006}
  - {x: 0.01999998, y: 0.03, z: -1.6799994}
  - {x: 0.38, y: 0.03, z: -1.3200006}
  - {x: 0.38, y: 0.03, z: -1.6799994}
  - {x: 2.2000008, y: 0.029999733, z: -1.3200006}
  - {x: 2.2000008, y: 0.029999733, z: -1.6799994}
  - {x: 0.38, y: 0.03, z: -1.6799994}
  - {x: 0.38, y: 0.98, z: -1.6799994}
  - {x: 2.2000008, y: 0.029999733, z: -1.6799994}
  - {x: 2.2000008, y: 0.97999954, z: -1.6799994}
  - {x: 0.38, y: 0.98, z: -1.3200006}
  - {x: 0.38, y: 0.03, z: -1.3200006}
  - {x: 2.2000008, y: 0.97999954, z: -1.3200006}
  - {x: 2.2000008, y: 0.029999733, z: -1.3200006}
  - {x: 0.38, y: 0.98, z: -1.6799994}
  - {x: 0.38, y: 0.98, z: -1.3200006}
  - {x: 2.2000008, y: 0.97999954, z: -1.6799994}
  - {x: 2.2000008, y: 0.97999954, z: -1.3200006}
  m_Textures0:
  - {x: -0.01999998, y: 0.03}
  - {x: -0.38, y: 0.03}
  - {x: -0.01999998, y: 0.98}
  - {x: -0.38, y: 0.98}
  - {x: 0.38000107, y: 0.029999733}
  - {x: 0.020000458, y: 0.029999733}
  - {x: 0.38000107, y: 0.97999954}
  - {x: 0.020000458, y: 0.97999954}
  - {x: -1.3200006, y: 0.029999733}
  - {x: -1.6799994, y: 0.029999733}
  - {x: -1.6799994, y: 0.97999954}
  - {x: -1.3200006, y: 0.97999954}
  - {x: -1.6799996, y: 0.03}
  - {x: -3.5000002, y: 0.029999733}
  - {x: -3.5000002, y: 0.97999954}
  - {x: -1.6799996, y: 0.98}
  - {x: 3.5, y: 0.029999733}
  - {x: 1.6799994, y: 0.03}
  - {x: 1.6799994, y: 0.98}
  - {x: 3.5, y: 0.97999954}
  - {x: 1.6799994, y: 0.03}
  - {x: 1.3200006, y: 0.03}
  - {x: 1.3200006, y: 0.98}
  - {x: 1.6799994, y: 0.98}
  - {x: 0.01999998, y: -1.3200006}
  - {x: 0.38, y: -1.3200006}
  - {x: 0.38, y: -1.6799994}
  - {x: 0.01999998, y: -1.6799994}
  - {x: 0.38, y: -1.6799991}
  - {x: 0.38000107, y: -3.4999998}
  - {x: 0.020000458, y: -3.4999998}
  - {x: 0.01999998, y: -1.6799991}
  - {x: -0.020000458, y: -3.5}
  - {x: -0.38000107, y: -3.5}
  - {x: -0.38, y: -1.6799994}
  - {x: -0.01999998, y: -1.6799994}
  - {x: -0.38, y: -1.6799994}
  - {x: -0.38, y: -1.3200006}
  - {x: -0.01999998, y: -1.3200006}
  - {x: -0.01999998, y: -1.6799994}
  - {x: -0.38, y: -1.3200006}
  - {x: -0.38, y: -1.6799994}
  - {x: -2.2000008, y: -1.3200006}
  - {x: -2.2000008, y: -1.6799994}
  - {x: 0.38, y: 0.03}
  - {x: 0.38, y: 0.98}
  - {x: 2.2000008, y: 0.029999733}
  - {x: 2.2000008, y: 0.97999954}
  - {x: -0.38, y: 0.98}
  - {x: -0.38, y: 0.03}
  - {x: -2.2000008, y: 0.97999954}
  - {x: -2.2000008, y: 0.029999733}
  - {x: 0.37999973, y: -1.6799994}
  - {x: 0.37999973, y: -1.3200006}
  - {x: 2.2000005, y: -1.6799994}
  - {x: 2.2000005, y: -1.3200006}
  m_Textures2: []
  m_Textures3: []
  m_Tangents:
  - {x: -1, y: 0, z: 0, w: -1}
  - {x: -1, y: 0, z: 0, w: -1}
  - {x: -1, y: 0, z: 0, w: -1}
  - {x: -1, y: 0, z: 0, w: -1}
  - {x: 1, y: 0, z: 0, w: -1}
  - {x: 1, y: 0, z: 0, w: -1}
  - {x: 1, y: 0, z: 0, w: -1}
  - {x: 1, y: 0, z: 0, w: -1}
  - {x: 0, y: 0, z: 1, w: -1}
  - {x: 0, y: 0, z: 1, w: -1}
  - {x: 0, y: 0, z: 1, w: -1}
  - {x: 0, y: 0, z: 1, w: -1}
  - {x: -0.00000058949627, y: 0, z: 1, w: -1}
  - {x: -0.00000058949627, y: 0, z: 1, w: -1}
  - {x: -0.00000058949627, y: 0, z: 1, w: -1}
  - {x: -0.00000058949627, y: 0, z: 1, w: -1}
  - {x: 0.00000026199837, y: 0, z: -1, w: -1}
  - {x: 0.00000026199837, y: 0, z: -1, w: -1}
  - {x: 0.00000026199834, y: 0, z: -1, w: -1}
  - {x: 0.00000026199837, y: 0, z: -1, w: -1}
  - {x: 0, y: 0, z: -1, w: -1}
  - {x: 0, y: 0, z: -1, w: -1}
  - {x: 0, y: 0, z: -1, w: -1}
  - {x: 0, y: 0, z: -1, w: -1}
  - {x: 1, y: 0, z: 0, w: -1}
  - {x: 1, y: 0, z: 0, w: -1}
  - {x: 1, y: 0, z: 0, w: -1}
  - {x: 1, y: 0, z: 0, w: -1}
  - {x: 1, y: 0, z: 0, w: -1}
  - {x: 1, y: 0, z: 0, w: -1}
  - {x: 1, y: 0, z: 0, w: -1}
  - {x: 1, y: 0, z: 0, w: -1}
  - {x: -1, y: 0, z: 0, w: -1}
  - {x: -1, y: 0, z: 0, w: -1}
  - {x: -1, y: 0, z: 0, w: -1}
  - {x: -1, y: 0, z: 0, w: -1}
  - {x: -1, y: 0, z: 0, w: -1}
  - {x: -1, y: 0, z: 0, w: -1}
  - {x: -1, y: 0, z: 0, w: -1}
  - {x: -1, y: 0, z: 0, w: -1}
  - {x: -1, y: 0.00000014635063, z: 0, w: -1}
  - {x: -1, y: 0.00000014635063, z: 0, w: -1}
  - {x: -1, y: 0.00000014635063, z: 0, w: -1}
  - {x: -1, y: 0.00000014635063, z: 0, w: -1}
  - {x: 1, y: 0, z: 0, w: -1}
  - {x: 1, y: 0, z: 0, w: -1}
  - {x: 1, y: 0, z: 0, w: -1}
  - {x: 1, y: 0, z: 0, w: -1}
  - {x: -1, y: 0, z: 0, w: -1}
  - {x: -1, y: 0, z: 0, w: -1}
  - {x: -1, y: 0, z: 0, w: -1}
  - {x: -1, y: 0, z: 0, w: -1}
  - {x: 1, y: -0.00000026199834, z: 0, w: -1}
  - {x: 1, y: -0.00000026199834, z: 0, w: -1}
  - {x: 1, y: -0.00000026199834, z: 0, w: -1}
  - {x: 1, y: -0.00000026199834, z: 0, w: -1}
  m_Colors: []
  m_UnwrapParameters:
    m_HardAngle: 88
    m_PackMargin: 20
    m_AngleError: 8
    m_AreaError: 15
  m_PreserveMeshAssetOnDestroy: 0
  assetGuid: 
  m_IsSelectable: 1
  m_SelectedFaces: 
  m_SelectedEdges: []
  m_SelectedVertices: 
--- !u!1 &8826487054988660009
GameObject:
  m_ObjectHideFlags: 0
  m_CorrespondingSourceObject: {fileID: 0}
  m_PrefabInstance: {fileID: 0}
  m_PrefabAsset: {fileID: 0}
  serializedVersion: 6
  m_Component:
  - component: {fileID: 8826487054988660004}
  - component: {fileID: 8826487054988660005}
  - component: {fileID: 8826487054988660010}
  - component: {fileID: 8826487054988660011}
  - component: {fileID: 9023880624486394710}
  - component: {fileID: 7817959025699258363}
  m_Layer: 0
  m_Name: LightStripCorner
  m_TagString: Untagged
  m_Icon: {fileID: 0}
  m_NavMeshLayer: 0
  m_StaticEditorFlags: 4294967295
  m_IsActive: 1
--- !u!4 &8826487054988660004
Transform:
  m_ObjectHideFlags: 0
  m_CorrespondingSourceObject: {fileID: 0}
  m_PrefabInstance: {fileID: 0}
  m_PrefabAsset: {fileID: 0}
  m_GameObject: {fileID: 8826487054988660009}
  m_LocalRotation: {x: 0, y: 0, z: 0, w: 1}
  m_LocalPosition: {x: -1.5, y: 0.5, z: 9.5}
  m_LocalScale: {x: 1, y: 1, z: 1}
  m_Children:
  - {fileID: 8826487054819258676}
  - {fileID: 8826487054421106395}
  m_Father: {fileID: 0}
  m_RootOrder: 0
  m_LocalEulerAnglesHint: {x: 0, y: 0, z: 0}
--- !u!33 &8826487054988660005
MeshFilter:
  m_ObjectHideFlags: 0
  m_CorrespondingSourceObject: {fileID: 0}
  m_PrefabInstance: {fileID: 0}
  m_PrefabAsset: {fileID: 0}
  m_GameObject: {fileID: 8826487054988660009}
  m_Mesh: {fileID: 0}
--- !u!23 &8826487054988660010
MeshRenderer:
  m_ObjectHideFlags: 0
  m_CorrespondingSourceObject: {fileID: 0}
  m_PrefabInstance: {fileID: 0}
  m_PrefabAsset: {fileID: 0}
  m_GameObject: {fileID: 8826487054988660009}
  m_Enabled: 1
  m_CastShadows: 1
  m_ReceiveShadows: 1
  m_DynamicOccludee: 1
  m_MotionVectors: 1
  m_LightProbeUsage: 1
  m_ReflectionProbeUsage: 1
  m_RayTracingMode: 2
  m_RenderingLayerMask: 1
  m_RendererPriority: 0
  m_Materials:
  - {fileID: 2100000, guid: e0b747ba2d194cd4fa3e711d56f2472c, type: 2}
  m_StaticBatchInfo:
    firstSubMesh: 0
    subMeshCount: 0
  m_StaticBatchRoot: {fileID: 0}
  m_ProbeAnchor: {fileID: 0}
  m_LightProbeVolumeOverride: {fileID: 0}
  m_ScaleInLightmap: 1
  m_ReceiveGI: 1
  m_PreserveUVs: 0
  m_IgnoreNormalsForChartDetection: 0
  m_ImportantGI: 0
  m_StitchLightmapSeams: 0
  m_SelectedEditorRenderState: 2
  m_MinimumChartSize: 4
  m_AutoUVMaxDistance: 0.5
  m_AutoUVMaxAngle: 89
  m_LightmapParameters: {fileID: 0}
  m_SortingLayerID: 0
  m_SortingLayer: 0
  m_SortingOrder: 0
--- !u!114 &8826487054988660011
MonoBehaviour:
  m_ObjectHideFlags: 0
  m_CorrespondingSourceObject: {fileID: 0}
  m_PrefabInstance: {fileID: 0}
  m_PrefabAsset: {fileID: 0}
  m_GameObject: {fileID: 8826487054988660009}
  m_Enabled: 1
  m_EditorHideFlags: 0
  m_Script: {fileID: 11500000, guid: 8233d90336aea43098adf6dbabd606a2, type: 3}
  m_Name: 
  m_EditorClassIdentifier: 
  m_MeshFormatVersion: 1
  m_Faces:
  - m_Indexes: 000000000100000002000000030000000000000002000000
    m_SmoothingGroup: 0
    m_Uv:
      m_UseWorldSpace: 0
      m_FlipU: 0
      m_FlipV: 0
      m_SwapUV: 0
      m_Fill: 1
      m_Scale: {x: 1, y: 1}
      m_Offset: {x: 0, y: 0}
      m_Rotation: 0
      m_Anchor: 9
    m_Material: {fileID: 2100000, guid: 73c176f402d2c2f4d929aa5da7585d17, type: 2}
    m_SubmeshIndex: 0
    m_ManualUV: 0
    elementGroup: 0
    m_TextureGroup: 1
  - m_Indexes: 060000000400000005000000060000000700000004000000
    m_SmoothingGroup: 0
    m_Uv:
      m_UseWorldSpace: 0
      m_FlipU: 0
      m_FlipV: 0
      m_SwapUV: 0
      m_Fill: 1
      m_Scale: {x: 1, y: 1}
      m_Offset: {x: 0, y: 0}
      m_Rotation: 0
      m_Anchor: 9
    m_Material: {fileID: 2100000, guid: 73c176f402d2c2f4d929aa5da7585d17, type: 2}
    m_SubmeshIndex: 0
    m_ManualUV: 0
    elementGroup: 0
    m_TextureGroup: 2
  - m_Indexes: 090000000b00000008000000090000000a0000000b000000
    m_SmoothingGroup: 0
    m_Uv:
      m_UseWorldSpace: 0
      m_FlipU: 0
      m_FlipV: 0
      m_SwapUV: 0
      m_Fill: 1
      m_Scale: {x: 1, y: 1}
      m_Offset: {x: 0, y: 0}
      m_Rotation: 0
      m_Anchor: 9
    m_Material: {fileID: 2100000, guid: 73c176f402d2c2f4d929aa5da7585d17, type: 2}
    m_SubmeshIndex: 0
    m_ManualUV: 0
    elementGroup: 0
    m_TextureGroup: 2
  - m_Indexes: 0c0000000d0000000e0000000f0000000c0000000e000000
    m_SmoothingGroup: 0
    m_Uv:
      m_UseWorldSpace: 0
      m_FlipU: 0
      m_FlipV: 0
      m_SwapUV: 0
      m_Fill: 1
      m_Scale: {x: 1, y: 1}
      m_Offset: {x: 0, y: 0}
      m_Rotation: 0
      m_Anchor: 9
    m_Material: {fileID: 2100000, guid: 73c176f402d2c2f4d929aa5da7585d17, type: 2}
    m_SubmeshIndex: 0
    m_ManualUV: 0
    elementGroup: 0
    m_TextureGroup: 5
  - m_Indexes: 110000001300000010000000110000001200000013000000
    m_SmoothingGroup: 0
    m_Uv:
      m_UseWorldSpace: 0
      m_FlipU: 0
      m_FlipV: 0
      m_SwapUV: 0
      m_Fill: 1
      m_Scale: {x: 1, y: 1}
      m_Offset: {x: 0, y: 0}
      m_Rotation: 0
      m_Anchor: 9
    m_Material: {fileID: 2100000, guid: 73c176f402d2c2f4d929aa5da7585d17, type: 2}
    m_SubmeshIndex: 0
    m_ManualUV: 0
    elementGroup: 0
    m_TextureGroup: 6
  - m_Indexes: 170000001400000015000000160000001700000015000000
    m_SmoothingGroup: 0
    m_Uv:
      m_UseWorldSpace: 0
      m_FlipU: 0
      m_FlipV: 0
      m_SwapUV: 0
      m_Fill: 1
      m_Scale: {x: 1, y: 1}
      m_Offset: {x: 0, y: 0}
      m_Rotation: 0
      m_Anchor: 9
    m_Material: {fileID: 2100000, guid: 73c176f402d2c2f4d929aa5da7585d17, type: 2}
    m_SubmeshIndex: 0
    m_ManualUV: 0
    elementGroup: 0
    m_TextureGroup: 3
  - m_Indexes: 18000000190000001a0000001b000000180000001a000000
    m_SmoothingGroup: 0
    m_Uv:
      m_UseWorldSpace: 0
      m_FlipU: 0
      m_FlipV: 0
      m_SwapUV: 0
      m_Fill: 1
      m_Scale: {x: 1, y: 1}
      m_Offset: {x: 0, y: 0}
      m_Rotation: 0
      m_Anchor: 9
    m_Material: {fileID: 2100000, guid: 73c176f402d2c2f4d929aa5da7585d17, type: 2}
    m_SubmeshIndex: 0
    m_ManualUV: 0
    elementGroup: 0
    m_TextureGroup: 3
  - m_Indexes: 1e0000001c0000001d0000001e0000001f0000001c000000
    m_SmoothingGroup: 0
    m_Uv:
      m_UseWorldSpace: 0
      m_FlipU: 0
      m_FlipV: 0
      m_SwapUV: 0
      m_Fill: 1
      m_Scale: {x: 1, y: 1}
      m_Offset: {x: 0, y: 0}
      m_Rotation: 0
      m_Anchor: 9
    m_Material: {fileID: 2100000, guid: 73c176f402d2c2f4d929aa5da7585d17, type: 2}
    m_SubmeshIndex: 0
    m_ManualUV: 0
    elementGroup: 0
    m_TextureGroup: 4
  - m_Indexes: 220000002000000021000000220000002300000020000000
    m_SmoothingGroup: 0
    m_Uv:
      m_UseWorldSpace: 0
      m_FlipU: 0
      m_FlipV: 0
      m_SwapUV: 0
      m_Fill: 1
      m_Scale: {x: 1, y: 1}
      m_Offset: {x: 0, y: 0}
      m_Rotation: 0
      m_Anchor: 9
    m_Material: {fileID: 2100000, guid: 73c176f402d2c2f4d929aa5da7585d17, type: 2}
    m_SubmeshIndex: 0
    m_ManualUV: 0
    elementGroup: 0
    m_TextureGroup: 4
  - m_Indexes: 240000002500000026000000270000002400000026000000
    m_SmoothingGroup: 0
    m_Uv:
      m_UseWorldSpace: 0
      m_FlipU: 0
      m_FlipV: 0
      m_SwapUV: 0
      m_Fill: 1
      m_Scale: {x: 1, y: 1}
      m_Offset: {x: 0, y: 0}
      m_Rotation: 0
      m_Anchor: 9
    m_Material: {fileID: 2100000, guid: 73c176f402d2c2f4d929aa5da7585d17, type: 2}
    m_SubmeshIndex: 0
    m_ManualUV: 0
    elementGroup: 0
    m_TextureGroup: 5
  - m_Indexes: 28000000290000002a0000002b000000280000002a000000
    m_SmoothingGroup: 0
    m_Uv:
      m_UseWorldSpace: 0
      m_FlipU: 0
      m_FlipV: 0
      m_SwapUV: 0
      m_Fill: 1
      m_Scale: {x: 1, y: 1}
      m_Offset: {x: 0, y: 0}
      m_Rotation: 0
      m_Anchor: 9
    m_Material: {fileID: 2100000, guid: 73c176f402d2c2f4d929aa5da7585d17, type: 2}
    m_SubmeshIndex: 0
    m_ManualUV: 0
    elementGroup: 0
    m_TextureGroup: 3
  - m_Indexes: 2e0000002c0000002d0000002e0000002f0000002c000000
    m_SmoothingGroup: 0
    m_Uv:
      m_UseWorldSpace: 0
      m_FlipU: 0
      m_FlipV: 0
      m_SwapUV: 0
      m_Fill: 1
      m_Scale: {x: 1, y: 1}
      m_Offset: {x: 0, y: 0}
      m_Rotation: 0
      m_Anchor: 9
    m_Material: {fileID: 2100000, guid: 73c176f402d2c2f4d929aa5da7585d17, type: 2}
    m_SubmeshIndex: 0
    m_ManualUV: 0
    elementGroup: 0
    m_TextureGroup: 4
  - m_Indexes: 320000003100000030000000320000003300000031000000
    m_SmoothingGroup: 0
    m_Uv:
      m_UseWorldSpace: 0
      m_FlipU: 0
      m_FlipV: 0
      m_SwapUV: 0
      m_Fill: 1
      m_Scale: {x: 1, y: 1}
      m_Offset: {x: 0, y: 0}
      m_Rotation: 0
      m_Anchor: 9
    m_Material: {fileID: 0}
    m_SubmeshIndex: 0
    m_ManualUV: 0
    elementGroup: -1
    m_TextureGroup: -1
  - m_Indexes: 360000003500000034000000360000003700000035000000
    m_SmoothingGroup: 0
    m_Uv:
      m_UseWorldSpace: 0
      m_FlipU: 0
      m_FlipV: 0
      m_SwapUV: 0
      m_Fill: 1
      m_Scale: {x: 1, y: 1}
      m_Offset: {x: 0, y: 0}
      m_Rotation: 0
      m_Anchor: 9
    m_Material: {fileID: 0}
    m_SubmeshIndex: 0
    m_ManualUV: 0
    elementGroup: -1
    m_TextureGroup: -1
  - m_Indexes: 3a00000039000000380000003a0000003b00000039000000
    m_SmoothingGroup: 0
    m_Uv:
      m_UseWorldSpace: 0
      m_FlipU: 0
      m_FlipV: 0
      m_SwapUV: 0
      m_Fill: 1
      m_Scale: {x: 1, y: 1}
      m_Offset: {x: 0, y: 0}
      m_Rotation: 0
      m_Anchor: 9
    m_Material: {fileID: 0}
    m_SubmeshIndex: 0
    m_ManualUV: 0
    elementGroup: -1
    m_TextureGroup: -1
  - m_Indexes: 3e0000003d0000003c0000003e0000003f0000003d000000
    m_SmoothingGroup: 0
    m_Uv:
      m_UseWorldSpace: 0
      m_FlipU: 0
      m_FlipV: 0
      m_SwapUV: 0
      m_Fill: 1
      m_Scale: {x: 1, y: 1}
      m_Offset: {x: 0, y: 0}
      m_Rotation: 0
      m_Anchor: 9
    m_Material: {fileID: 0}
    m_SubmeshIndex: 0
    m_ManualUV: 0
    elementGroup: -1
    m_TextureGroup: -1
  m_SharedVertices:
  - m_Vertices: 00000000130000001e00000022000000
  - m_Vertices: 010000000c0000001d000000
  - m_Vertices: 020000000f00000016000000
  - m_Vertices: 0300000010000000150000001a000000
  - m_Vertices: 060000001800000031000000
  - m_Vertices: 040000001200000023000000
  - m_Vertices: 050000001100000019000000
  - m_Vertices: 070000002000000033000000
  - m_Vertices: 090000002600000028000000
  - m_Vertices: 0b0000002f0000003a000000
  - m_Vertices: 080000002900000038000000
  - m_Vertices: 0a000000250000002c000000
  - m_Vertices: 0d0000001c00000036000000
  - m_Vertices: 0e0000001700000034000000
  - m_Vertices: 140000001b0000003000000035000000
  - m_Vertices: 1f000000210000003200000037000000
  - m_Vertices: 240000002d0000003f000000
  - m_Vertices: 270000002b0000003d000000
  - m_Vertices: 2a000000390000003c000000
  - m_Vertices: 2e0000003b0000003e000000
  m_SharedTextures: []
  m_Positions:
  - {x: -2, y: -0.5, z: 2}
  - {x: 2, y: -0.5, z: 2}
  - {x: 2, y: 0.5, z: 2}
  - {x: -2, y: 0.5, z: 2}
  - {x: -2, y: -0.5, z: -2}
  - {x: -2, y: 0.5, z: -2}
  - {x: -0.20000076, y: 0.5, z: -2}
  - {x: -0.20000076, y: -0.5, z: -2}
  - {x: 0.20000076, y: 0.5, z: -2}
  - {x: 2, y: 0.5, z: -2}
  - {x: 2, y: -0.5, z: -2}
  - {x: 0.20000076, y: -0.5, z: -2}
  - {x: 2, y: -0.5, z: 2}
  - {x: 2, y: -0.5, z: 0.19999981}
  - {x: 2, y: 0.5, z: 0.19999981}
  - {x: 2, y: 0.5, z: 2}
  - {x: -2, y: 0.5, z: 2}
  - {x: -2, y: 0.5, z: -2}
  - {x: -2, y: -0.5, z: -2}
  - {x: -2, y: -0.5, z: 2}
  - {x: -0.20000005, y: 0.5, z: 0.19999981}
  - {x: -2, y: 0.5, z: 2}
  - {x: 2, y: 0.5, z: 2}
  - {x: 2, y: 0.5, z: 0.19999981}
  - {x: -0.20000076, y: 0.5, z: -2}
  - {x: -2, y: 0.5, z: -2}
  - {x: -2, y: 0.5, z: 2}
  - {x: -0.20000005, y: 0.5, z: 0.19999981}
  - {x: 2, y: -0.5, z: 0.19999981}
  - {x: 2, y: -0.5, z: 2}
  - {x: -2, y: -0.5, z: 2}
  - {x: -0.20000005, y: -0.5, z: 0.19999981}
  - {x: -0.20000076, y: -0.5, z: -2}
  - {x: -0.20000005, y: -0.5, z: 0.19999981}
  - {x: -2, y: -0.5, z: 2}
  - {x: -2, y: -0.5, z: -2}
  - {x: 2, y: -0.5, z: -0.19999981}
  - {x: 2, y: -0.5, z: -2}
  - {x: 2, y: 0.5, z: -2}
  - {x: 2, y: 0.5, z: -0.19999981}
  - {x: 2, y: 0.5, z: -2}
  - {x: 0.20000076, y: 0.5, z: -2}
  - {x: 0.20000005, y: 0.5, z: -0.19999981}
  - {x: 2, y: 0.5, z: -0.19999981}
  - {x: 2, y: -0.5, z: -2}
  - {x: 2, y: -0.5, z: -0.19999981}
  - {x: 0.20000005, y: -0.5, z: -0.19999981}
  - {x: 0.20000076, y: -0.5, z: -2}
  - {x: -0.20000005, y: 0.5, z: 0.19999981}
  - {x: -0.20000076, y: 0.5, z: -2}
  - {x: -0.20000005, y: -0.5, z: 0.19999981}
  - {x: -0.20000076, y: -0.5, z: -2}
  - {x: 2, y: 0.5, z: 0.19999981}
  - {x: -0.20000005, y: 0.5, z: 0.19999981}
  - {x: 2, y: -0.5, z: 0.19999981}
  - {x: -0.20000005, y: -0.5, z: 0.19999981}
  - {x: 0.20000076, y: 0.5, z: -2}
  - {x: 0.20000005, y: 0.5, z: -0.19999981}
  - {x: 0.20000076, y: -0.5, z: -2}
  - {x: 0.20000005, y: -0.5, z: -0.19999981}
  - {x: 0.20000005, y: 0.5, z: -0.19999981}
  - {x: 2, y: 0.5, z: -0.19999981}
  - {x: 0.20000005, y: -0.5, z: -0.19999981}
  - {x: 2, y: -0.5, z: -0.19999981}
  m_Textures0:
  - {x: 2, y: -0.5}
  - {x: -2, y: -0.5}
  - {x: -2, y: 0.5}
  - {x: 2, y: 0.5}
  - {x: -2, y: -0.5}
  - {x: -2, y: 0.5}
  - {x: -0.20000076, y: 0.5}
  - {x: -0.20000076, y: -0.5}
  - {x: 0.20000076, y: 0.5}
  - {x: 2, y: 0.5}
  - {x: 2, y: -0.5}
  - {x: 0.20000076, y: -0.5}
  - {x: 2, y: -0.5}
  - {x: 0.19999981, y: -0.5}
  - {x: 0.19999981, y: 0.5}
  - {x: 2, y: 0.5}
  - {x: -2, y: 0.5}
  - {x: 2, y: 0.5}
  - {x: 2, y: -0.5}
  - {x: -2, y: -0.5}
  - {x: -0.20000005, y: 0.19999981}
  - {x: -2, y: 2}
  - {x: 2, y: 2}
  - {x: 2, y: 0.19999981}
  - {x: -0.20000076, y: -2}
  - {x: -2, y: -2}
  - {x: -2, y: 2}
  - {x: -0.20000005, y: 0.19999981}
  - {x: -2, y: 0.19999981}
  - {x: -2, y: 2}
  - {x: 2, y: 2}
  - {x: 0.20000005, y: 0.19999981}
  - {x: 0.20000076, y: -2}
  - {x: 0.20000005, y: 0.19999981}
  - {x: 2, y: 2}
  - {x: 2, y: -2}
  - {x: -0.19999981, y: -0.5}
  - {x: -2, y: -0.5}
  - {x: -2, y: 0.5}
  - {x: -0.19999981, y: 0.5}
  - {x: 2, y: -2}
  - {x: 0.20000076, y: -2}
  - {x: 0.20000005, y: -0.19999981}
  - {x: 2, y: -0.19999981}
  - {x: -2, y: -2}
  - {x: -2, y: -0.19999981}
  - {x: -0.20000005, y: -0.19999981}
  - {x: -0.20000076, y: -2}
  - {x: 0.19999975, y: 0.5}
  - {x: -2, y: 0.5}
  - {x: 0.19999975, y: -0.5}
  - {x: -2, y: -0.5}
  - {x: 2, y: 0.5}
  - {x: -0.20000005, y: 0.5}
  - {x: 2, y: -0.5}
  - {x: -0.20000005, y: -0.5}
  - {x: 2, y: 0.5}
  - {x: 0.19999988, y: 0.5}
  - {x: 2, y: -0.5}
  - {x: 0.19999988, y: -0.5}
  - {x: -0.20000005, y: 0.5}
  - {x: -2, y: 0.5}
  - {x: -0.20000005, y: -0.5}
  - {x: -2, y: -0.5}
  m_Textures2: []
  m_Textures3: []
  m_Tangents:
  - {x: -1, y: 0, z: 0, w: -1}
  - {x: -1, y: 0, z: 0, w: -1}
  - {x: -1, y: 0, z: 0, w: -1}
  - {x: -1, y: 0, z: 0, w: -1}
  - {x: 1, y: 0, z: 0, w: -1}
  - {x: 1, y: 0, z: 0, w: -1}
  - {x: 1, y: 0, z: 0, w: -1}
  - {x: 1, y: 0, z: 0, w: -1}
  - {x: 1, y: 0, z: 0, w: -1}
  - {x: 1, y: 0, z: 0, w: -1}
  - {x: 1, y: 0, z: 0, w: -1}
  - {x: 1, y: 0, z: 0, w: -1}
  - {x: 0, y: 0, z: 1, w: -1}
  - {x: 0, y: 0, z: 1, w: -1}
  - {x: 0, y: 0, z: 1, w: -1}
  - {x: 0, y: 0, z: 1, w: -1}
  - {x: 0, y: 0, z: -1, w: -1}
  - {x: 0, y: 0, z: -1, w: -1}
  - {x: 0, y: 0, z: -1, w: -1}
  - {x: 0, y: 0, z: -1, w: -1}
  - {x: 1, y: 0, z: 0, w: -1}
  - {x: 1, y: 0, z: 0, w: -1}
  - {x: 1, y: 0, z: 0, w: -1}
  - {x: 1, y: 0, z: 0, w: -1}
  - {x: 1, y: 0, z: 0, w: -1}
  - {x: 1, y: 0, z: 0, w: -1}
  - {x: 1, y: 0, z: 0, w: -1}
  - {x: 1, y: 0, z: 0, w: -1}
  - {x: -1, y: 0, z: 0, w: -1}
  - {x: -1, y: 0, z: 0, w: -1}
  - {x: -1, y: 0, z: 0, w: -1}
  - {x: -1, y: 0, z: 0, w: -1}
  - {x: -1, y: 0, z: 0, w: -1}
  - {x: -1, y: 0, z: 0, w: -1}
  - {x: -1, y: 0, z: 0, w: -1}
  - {x: -1, y: 0, z: 0, w: -1}
  - {x: 0, y: 0, z: 1, w: -1}
  - {x: 0, y: 0, z: 1, w: -1}
  - {x: 0, y: 0, z: 1, w: -1}
  - {x: 0, y: 0, z: 1, w: -1}
  - {x: 1, y: 0, z: 0, w: -1}
  - {x: 1, y: 0, z: 0, w: -1}
  - {x: 1, y: 0, z: 0, w: -1}
  - {x: 1, y: 0, z: 0, w: -1}
  - {x: -1, y: 0, z: 0, w: -1}
  - {x: -1, y: 0, z: 0, w: -1}
  - {x: -1, y: 0, z: 0, w: -1}
  - {x: -1, y: 0, z: 0, w: -1}
  - {x: 0.00000032511628, y: 0, z: 1, w: -1}
  - {x: 0.00000032511628, y: 0, z: 1, w: -1}
  - {x: 0.00000032511628, y: 0, z: 1, w: -1}
  - {x: 0.00000032511628, y: 0, z: 1, w: -1}
  - {x: 1, y: 0, z: 0, w: -1}
  - {x: 1, y: 0, z: 0, w: -1}
  - {x: 1, y: 0, z: 0, w: -1}
  - {x: 1, y: 0, z: 0, w: -1}
  - {x: 0.00000039736426, y: 0, z: -1, w: -1}
  - {x: 0.00000039736426, y: 0, z: -1, w: -1}
  - {x: 0.00000039736426, y: 0, z: -1, w: -1}
  - {x: 0.00000039736426, y: 0, z: -1, w: -1}
  - {x: -1, y: 0, z: 0, w: -1}
  - {x: -1, y: 0, z: 0, w: -1}
  - {x: -1, y: 0, z: 0, w: -1}
  - {x: -1, y: 0, z: 0, w: -1}
  m_Colors: []
  m_UnwrapParameters:
    m_HardAngle: 88
    m_PackMargin: 20
    m_AngleError: 8
    m_AreaError: 15
  m_PreserveMeshAssetOnDestroy: 0
  assetGuid: 
  m_IsSelectable: 1
  m_SelectedFaces: 06000000
  m_SelectedEdges:
  - a: 24
    b: 25
  - a: 25
    b: 26
  - a: 27
    b: 24
  - a: 26
    b: 27
  m_SelectedVertices: 18000000190000001a0000001b000000
--- !u!65 &9023880624486394710
BoxCollider:
  m_ObjectHideFlags: 0
  m_CorrespondingSourceObject: {fileID: 0}
  m_PrefabInstance: {fileID: 0}
  m_PrefabAsset: {fileID: 0}
  m_GameObject: {fileID: 8826487054988660009}
  m_Material: {fileID: 0}
  m_IsTrigger: 0
  m_Enabled: 1
  serializedVersion: 2
  m_Size: {x: 4, y: 1, z: 4}
  m_Center: {x: 0, y: 0, z: 0}
--- !u!114 &7817959025699258363
MonoBehaviour:
  m_ObjectHideFlags: 0
  m_CorrespondingSourceObject: {fileID: 0}
  m_PrefabInstance: {fileID: 0}
  m_PrefabAsset: {fileID: 0}
  m_GameObject: {fileID: 8826487054988660009}
  m_Enabled: 1
  m_EditorHideFlags: 0
  m_Script: {fileID: 11500000, guid: 0ca8ca380e9ec744d9cc475c9cdb2dbb, type: 3}
  m_Name: 
  m_EditorClassIdentifier: 
  renderer: {fileID: 8826487054819258673}
  light: {fileID: 0}
  lightShaft: {fileID: 0}
  attachedLighting: {fileID: 0}
  hdrColour: {r: 1.6235294, g: 1.6235294, b: 1.6235294, a: 1}
  isActive: 0
  onlyOnce: 0
  transitionTime: 0.5
  yPos:
  - 0
  - 0
