%YAML 1.1
%TAG !u! tag:unity3d.com,2011:
--- !u!1 &4991097981387161987
GameObject:
  m_ObjectHideFlags: 0
  m_CorrespondingSourceObject: {fileID: 0}
  m_PrefabInstance: {fileID: 0}
  m_PrefabAsset: {fileID: 0}
  serializedVersion: 6
  m_Component:
  - component: {fileID: 4991097981387161986}
  - component: {fileID: 4991097981387162046}
  - component: {fileID: 4991097981387162047}
  - component: {fileID: 4991097981387162044}
  m_Layer: 0
  m_Name: Light
  m_TagString: Untagged
  m_Icon: {fileID: 0}
  m_NavMeshLayer: 0
  m_StaticEditorFlags: 4294967295
  m_IsActive: 1
--- !u!4 &4991097981387161986
Transform:
  m_ObjectHideFlags: 0
  m_CorrespondingSourceObject: {fileID: 0}
  m_PrefabInstance: {fileID: 0}
  m_PrefabAsset: {fileID: 0}
  m_GameObject: {fileID: 4991097981387161987}
  m_LocalRotation: {x: -0, y: -0, z: -0, w: 1}
  m_LocalPosition: {x: -0.2, y: -0.5, z: 1.75}
  m_LocalScale: {x: 1, y: 1, z: 1}
  m_Children: []
  m_Father: {fileID: 7250028968601733103}
  m_RootOrder: 0
  m_LocalEulerAnglesHint: {x: 0, y: 0, z: 0}
--- !u!33 &4991097981387162046
MeshFilter:
  m_ObjectHideFlags: 0
  m_CorrespondingSourceObject: {fileID: 0}
  m_PrefabInstance: {fileID: 0}
  m_PrefabAsset: {fileID: 0}
  m_GameObject: {fileID: 4991097981387161987}
  m_Mesh: {fileID: 0}
--- !u!23 &4991097981387162047
MeshRenderer:
  m_ObjectHideFlags: 0
  m_CorrespondingSourceObject: {fileID: 0}
  m_PrefabInstance: {fileID: 0}
  m_PrefabAsset: {fileID: 0}
  m_GameObject: {fileID: 4991097981387161987}
  m_Enabled: 1
  m_CastShadows: 1
  m_ReceiveShadows: 1
  m_DynamicOccludee: 1
  m_MotionVectors: 1
  m_LightProbeUsage: 1
  m_ReflectionProbeUsage: 1
  m_RayTracingMode: 2
  m_RenderingLayerMask: 1
  m_RendererPriority: 0
  m_Materials:
  - {fileID: 2100000, guid: 052ba6cb524ba924385ba77cc0fc7fc6, type: 2}
  m_StaticBatchInfo:
    firstSubMesh: 0
    subMeshCount: 0
  m_StaticBatchRoot: {fileID: 0}
  m_ProbeAnchor: {fileID: 0}
  m_LightProbeVolumeOverride: {fileID: 0}
  m_ScaleInLightmap: 1
  m_ReceiveGI: 1
  m_PreserveUVs: 0
  m_IgnoreNormalsForChartDetection: 0
  m_ImportantGI: 0
  m_StitchLightmapSeams: 0
  m_SelectedEditorRenderState: 2
  m_MinimumChartSize: 4
  m_AutoUVMaxDistance: 0.5
  m_AutoUVMaxAngle: 89
  m_LightmapParameters: {fileID: 0}
  m_SortingLayerID: 0
  m_SortingLayer: 0
  m_SortingOrder: 0
--- !u!114 &4991097981387162044
MonoBehaviour:
  m_ObjectHideFlags: 0
  m_CorrespondingSourceObject: {fileID: 0}
  m_PrefabInstance: {fileID: 0}
  m_PrefabAsset: {fileID: 0}
  m_GameObject: {fileID: 4991097981387161987}
  m_Enabled: 1
  m_EditorHideFlags: 0
  m_Script: {fileID: 11500000, guid: 8233d90336aea43098adf6dbabd606a2, type: 3}
  m_Name: 
  m_EditorClassIdentifier: 
  m_MeshFormatVersion: 1
  m_Faces:
  - m_Indexes: 000000000100000002000000010000000300000002000000
    m_SmoothingGroup: 0
    m_Uv:
      m_UseWorldSpace: 0
      m_FlipU: 0
      m_FlipV: 0
      m_SwapUV: 0
      m_Fill: 1
      m_Scale: {x: 1, y: 1}
      m_Offset: {x: 0, y: 0}
      m_Rotation: 0
      m_Anchor: 9
    m_Material: {fileID: 0}
    m_SubmeshIndex: 0
    m_ManualUV: 0
    elementGroup: -1
    m_TextureGroup: 0
  - m_Indexes: 040000000500000006000000050000000700000006000000
    m_SmoothingGroup: 0
    m_Uv:
      m_UseWorldSpace: 0
      m_FlipU: 0
      m_FlipV: 0
      m_SwapUV: 0
      m_Fill: 1
      m_Scale: {x: 1, y: 1}
      m_Offset: {x: 0, y: 0}
      m_Rotation: 0
      m_Anchor: 9
    m_Material: {fileID: 0}
    m_SubmeshIndex: 0
    m_ManualUV: 0
    elementGroup: -1
    m_TextureGroup: 0
  - m_Indexes: 08000000090000000a0000000b000000080000000a000000
    m_SmoothingGroup: 0
    m_Uv:
      m_UseWorldSpace: 0
      m_FlipU: 0
      m_FlipV: 0
      m_SwapUV: 0
      m_Fill: 1
      m_Scale: {x: 1, y: 1}
      m_Offset: {x: 0, y: 0}
      m_Rotation: 0
      m_Anchor: 9
    m_Material: {fileID: 2100000, guid: 73c176f402d2c2f4d929aa5da7585d17, type: 2}
    m_SubmeshIndex: 0
    m_ManualUV: 0
    elementGroup: 0
    m_TextureGroup: 0
  - m_Indexes: 0c0000000d0000000e0000000f0000000c0000000e000000
    m_SmoothingGroup: 0
    m_Uv:
      m_UseWorldSpace: 0
      m_FlipU: 0
      m_FlipV: 0
      m_SwapUV: 0
      m_Fill: 1
      m_Scale: {x: 1, y: 1}
      m_Offset: {x: 0, y: 0}
      m_Rotation: 0
      m_Anchor: 9
    m_Material: {fileID: 2100000, guid: 73c176f402d2c2f4d929aa5da7585d17, type: 2}
    m_SubmeshIndex: 0
    m_ManualUV: 0
    elementGroup: 0
    m_TextureGroup: 0
  - m_Indexes: 130000001100000012000000130000001000000011000000
    m_SmoothingGroup: 0
    m_Uv:
      m_UseWorldSpace: 0
      m_FlipU: 0
      m_FlipV: 0
      m_SwapUV: 0
      m_Fill: 1
      m_Scale: {x: 1, y: 1}
      m_Offset: {x: 0, y: 0}
      m_Rotation: 0
      m_Anchor: 9
    m_Material: {fileID: 2100000, guid: 73c176f402d2c2f4d929aa5da7585d17, type: 2}
    m_SubmeshIndex: 0
    m_ManualUV: 0
    elementGroup: 0
    m_TextureGroup: 0
  - m_Indexes: 170000001500000016000000170000001400000015000000
    m_SmoothingGroup: 0
    m_Uv:
      m_UseWorldSpace: 0
      m_FlipU: 0
      m_FlipV: 0
      m_SwapUV: 0
      m_Fill: 1
      m_Scale: {x: 1, y: 1}
      m_Offset: {x: 0, y: 0}
      m_Rotation: 0
      m_Anchor: 9
    m_Material: {fileID: 2100000, guid: 73c176f402d2c2f4d929aa5da7585d17, type: 2}
    m_SubmeshIndex: 0
    m_ManualUV: 0
    elementGroup: 0
    m_TextureGroup: 0
  - m_Indexes: 1a0000001b00000018000000190000001a00000018000000
    m_SmoothingGroup: 0
    m_Uv:
      m_UseWorldSpace: 0
      m_FlipU: 0
      m_FlipV: 0
      m_SwapUV: 0
      m_Fill: 1
      m_Scale: {x: 1, y: 1}
      m_Offset: {x: 0, y: 0}
      m_Rotation: 0
      m_Anchor: 9
    m_Material: {fileID: 2100000, guid: 73c176f402d2c2f4d929aa5da7585d17, type: 2}
    m_SubmeshIndex: 0
    m_ManualUV: 0
    elementGroup: 0
    m_TextureGroup: 0
  - m_Indexes: 1d0000001e0000001f0000001c0000001d0000001f000000
    m_SmoothingGroup: 0
    m_Uv:
      m_UseWorldSpace: 0
      m_FlipU: 0
      m_FlipV: 0
      m_SwapUV: 0
      m_Fill: 1
      m_Scale: {x: 1, y: 1}
      m_Offset: {x: 0, y: 0}
      m_Rotation: 0
      m_Anchor: 9
    m_Material: {fileID: 2100000, guid: 73c176f402d2c2f4d929aa5da7585d17, type: 2}
    m_SubmeshIndex: 0
    m_ManualUV: 0
    elementGroup: 0
    m_TextureGroup: 0
  - m_Indexes: 230000002100000022000000230000002000000021000000
    m_SmoothingGroup: 0
    m_Uv:
      m_UseWorldSpace: 0
      m_FlipU: 0
      m_FlipV: 0
      m_SwapUV: 0
      m_Fill: 1
      m_Scale: {x: 1, y: 1}
      m_Offset: {x: 0, y: 0}
      m_Rotation: 0
      m_Anchor: 9
    m_Material: {fileID: 2100000, guid: 73c176f402d2c2f4d929aa5da7585d17, type: 2}
    m_SubmeshIndex: 0
    m_ManualUV: 0
    elementGroup: 0
    m_TextureGroup: 0
  - m_Indexes: 260000002400000025000000260000002700000024000000
    m_SmoothingGroup: 0
    m_Uv:
      m_UseWorldSpace: 0
      m_FlipU: 0
      m_FlipV: 0
      m_SwapUV: 0
      m_Fill: 1
      m_Scale: {x: 1, y: 1}
      m_Offset: {x: 0, y: 0}
      m_Rotation: 0
      m_Anchor: 9
    m_Material: {fileID: 2100000, guid: 73c176f402d2c2f4d929aa5da7585d17, type: 2}
    m_SubmeshIndex: 0
    m_ManualUV: 0
    elementGroup: 0
    m_TextureGroup: 0
  - m_Indexes: 28000000290000002a000000290000002b0000002a000000
    m_SmoothingGroup: 0
    m_Uv:
      m_UseWorldSpace: 0
      m_FlipU: 0
      m_FlipV: 0
      m_SwapUV: 0
      m_Fill: 1
      m_Scale: {x: 1, y: 1}
      m_Offset: {x: 0, y: 0}
      m_Rotation: 0
      m_Anchor: 9
    m_Material: {fileID: 0}
    m_SubmeshIndex: 0
    m_ManualUV: 0
    elementGroup: -1
    m_TextureGroup: 0
  - m_Indexes: 2c0000002d0000002e0000002d0000002f0000002e000000
    m_SmoothingGroup: 0
    m_Uv:
      m_UseWorldSpace: 0
      m_FlipU: 0
      m_FlipV: 0
      m_SwapUV: 0
      m_Fill: 1
      m_Scale: {x: 1, y: 1}
      m_Offset: {x: 0, y: 0}
      m_Rotation: 0
      m_Anchor: 9
    m_Material: {fileID: 0}
    m_SubmeshIndex: 0
    m_ManualUV: 0
    elementGroup: -1
    m_TextureGroup: 0
  - m_Indexes: 300000003100000032000000310000003300000032000000
    m_SmoothingGroup: 0
    m_Uv:
      m_UseWorldSpace: 0
      m_FlipU: 0
      m_FlipV: 0
      m_SwapUV: 0
      m_Fill: 1
      m_Scale: {x: 1, y: 1}
      m_Offset: {x: 0, y: 0}
      m_Rotation: 0
      m_Anchor: 9
    m_Material: {fileID: 0}
    m_SubmeshIndex: 0
    m_ManualUV: 0
    elementGroup: -1
    m_TextureGroup: 0
  - m_Indexes: 340000003500000036000000350000003700000036000000
    m_SmoothingGroup: 0
    m_Uv:
      m_UseWorldSpace: 0
      m_FlipU: 0
      m_FlipV: 0
      m_SwapUV: 0
      m_Fill: 1
      m_Scale: {x: 1, y: 1}
      m_Offset: {x: 0, y: 0}
      m_Rotation: 0
      m_Anchor: 9
    m_Material: {fileID: 0}
    m_SubmeshIndex: 0
    m_ManualUV: 0
    elementGroup: -1
    m_TextureGroup: 0
  - m_Indexes: 38000000390000003a000000390000003b0000003a000000
    m_SmoothingGroup: 0
    m_Uv:
      m_UseWorldSpace: 0
      m_FlipU: 0
      m_FlipV: 0
      m_SwapUV: 0
      m_Fill: 1
      m_Scale: {x: 1, y: 1}
      m_Offset: {x: 0, y: 0}
      m_Rotation: 0
      m_Anchor: 9
    m_Material: {fileID: 0}
    m_SubmeshIndex: 0
    m_ManualUV: 0
    elementGroup: -1
    m_TextureGroup: 0
  - m_Indexes: 3c0000003d0000003e0000003d0000003f0000003e000000
    m_SmoothingGroup: 0
    m_Uv:
      m_UseWorldSpace: 0
      m_FlipU: 0
      m_FlipV: 0
      m_SwapUV: 0
      m_Fill: 1
      m_Scale: {x: 1, y: 1}
      m_Offset: {x: 0, y: 0}
      m_Rotation: 0
      m_Anchor: 9
    m_Material: {fileID: 0}
    m_SubmeshIndex: 0
    m_ManualUV: 0
    elementGroup: -1
    m_TextureGroup: 0
  - m_Indexes: 400000004100000042000000410000004300000042000000
    m_SmoothingGroup: 0
    m_Uv:
      m_UseWorldSpace: 0
      m_FlipU: 0
      m_FlipV: 0
      m_SwapUV: 0
      m_Fill: 1
      m_Scale: {x: 1, y: 1}
      m_Offset: {x: 0, y: 0}
      m_Rotation: 0
      m_Anchor: 9
    m_Material: {fileID: 0}
    m_SubmeshIndex: 0
    m_ManualUV: 0
    elementGroup: -1
    m_TextureGroup: 0
  - m_Indexes: 440000004500000046000000450000004700000046000000
    m_SmoothingGroup: 0
    m_Uv:
      m_UseWorldSpace: 0
      m_FlipU: 0
      m_FlipV: 0
      m_SwapUV: 0
      m_Fill: 1
      m_Scale: {x: 1, y: 1}
      m_Offset: {x: 0, y: 0}
      m_Rotation: 0
      m_Anchor: 9
    m_Material: {fileID: 0}
    m_SubmeshIndex: 0
    m_ManualUV: 0
    elementGroup: -1
    m_TextureGroup: 0
  m_SharedVertices:
  - m_Vertices: 00000000260000002800000035000000
  - m_Vertices: 150000002a00000037000000
  - m_Vertices: 01000000250000003800000041000000
  - m_Vertices: 080000003a00000043000000
  - m_Vertices: 0200000018000000290000002c000000
  - m_Vertices: 160000002b0000002e000000
  - m_Vertices: 03000000190000004000000045000000
  - m_Vertices: 0b0000004200000047000000
  - m_Vertices: 040000000d00000021000000
  - m_Vertices: 050000001000000020000000
  - m_Vertices: 060000000e0000001d000000
  - m_Vertices: 07000000130000001e000000
  - m_Vertices: 090000003b0000003e000000
  - m_Vertices: 0c0000002200000024000000390000003c000000
  - m_Vertices: 0a0000003f00000046000000
  - m_Vertices: 0f0000001a0000001c0000003d00000044000000
  - m_Vertices: 1100000023000000270000003100000034000000
  - m_Vertices: 140000003300000036000000
  - m_Vertices: 120000001b0000001f0000002d00000030000000
  - m_Vertices: 170000002f00000032000000
  m_SharedTextures: []
  m_Positions:
  - {x: 0.020002889, y: 0.01999998, z: 0.20000006}
  - {x: 0.3800035, y: 0.01999998, z: 0.19999984}
  - {x: 0.020002889, y: 0.98, z: 0.20000006}
  - {x: 0.3800035, y: 0.98, z: 0.19999984}
  - {x: 0.38000107, y: 0.01999998, z: -3.75}
  - {x: 0.020000458, y: 0.01999998, z: -3.75}
  - {x: 0.38000107, y: 0.98, z: -3.75}
  - {x: 0.020000458, y: 0.98, z: -3.75}
  - {x: 1.9300027, y: 0.01999998, z: 0.19999833}
  - {x: 1.9300002, y: 0.01999998, z: -0.1300009}
  - {x: 1.9300002, y: 0.98, z: -0.1300009}
  - {x: 1.9300027, y: 0.98, z: 0.19999833}
  - {x: 0.38000107, y: 0.01999998, z: -0.12999916}
  - {x: 0.38000107, y: 0.01999998, z: -3.75}
  - {x: 0.38000107, y: 0.98, z: -3.75}
  - {x: 0.38000107, y: 0.98, z: -0.12999916}
  - {x: 0.020000458, y: 0.01999998, z: -3.75}
  - {x: 0.020000458, y: 0.01999998, z: -0.12999916}
  - {x: 0.020000458, y: 0.98, z: -0.12999916}
  - {x: 0.020000458, y: 0.98, z: -3.75}
  - {x: -1.5299989, y: 0.01999998, z: -0.12999766}
  - {x: -1.5299964, y: 0.01999998, z: 0.20000158}
  - {x: -1.5299964, y: 0.98, z: 0.20000158}
  - {x: -1.5299989, y: 0.98, z: -0.12999766}
  - {x: 0.020002889, y: 0.98, z: 0.20000006}
  - {x: 0.3800035, y: 0.98, z: 0.19999984}
  - {x: 0.38000107, y: 0.98, z: -0.12999916}
  - {x: 0.020000458, y: 0.98, z: -0.12999916}
  - {x: 0.38000107, y: 0.98, z: -0.12999916}
  - {x: 0.38000107, y: 0.98, z: -3.75}
  - {x: 0.020000458, y: 0.98, z: -3.75}
  - {x: 0.020000458, y: 0.98, z: -0.12999916}
  - {x: 0.020000458, y: 0.01999998, z: -3.75}
  - {x: 0.38000107, y: 0.01999998, z: -3.75}
  - {x: 0.38000107, y: 0.01999998, z: -0.12999916}
  - {x: 0.020000458, y: 0.01999998, z: -0.12999916}
  - {x: 0.38000107, y: 0.01999998, z: -0.12999916}
  - {x: 0.3800035, y: 0.01999998, z: 0.19999984}
  - {x: 0.020002889, y: 0.01999998, z: 0.20000006}
  - {x: 0.020000458, y: 0.01999998, z: -0.12999916}
  - {x: 0.020002889, y: 0.01999998, z: 0.20000006}
  - {x: 0.020002889, y: 0.98, z: 0.20000006}
  - {x: -1.5299964, y: 0.01999998, z: 0.20000158}
  - {x: -1.5299964, y: 0.98, z: 0.20000158}
  - {x: 0.020002889, y: 0.98, z: 0.20000006}
  - {x: 0.020000458, y: 0.98, z: -0.12999916}
  - {x: -1.5299964, y: 0.98, z: 0.20000158}
  - {x: -1.5299989, y: 0.98, z: -0.12999766}
  - {x: 0.020000458, y: 0.98, z: -0.12999916}
  - {x: 0.020000458, y: 0.01999998, z: -0.12999916}
  - {x: -1.5299989, y: 0.98, z: -0.12999766}
  - {x: -1.5299989, y: 0.01999998, z: -0.12999766}
  - {x: 0.020000458, y: 0.01999998, z: -0.12999916}
  - {x: 0.020002889, y: 0.01999998, z: 0.20000006}
  - {x: -1.5299989, y: 0.01999998, z: -0.12999766}
  - {x: -1.5299964, y: 0.01999998, z: 0.20000158}
  - {x: 0.3800035, y: 0.01999998, z: 0.19999984}
  - {x: 0.38000107, y: 0.01999998, z: -0.12999916}
  - {x: 1.9300027, y: 0.01999998, z: 0.19999833}
  - {x: 1.9300002, y: 0.01999998, z: -0.1300009}
  - {x: 0.38000107, y: 0.01999998, z: -0.12999916}
  - {x: 0.38000107, y: 0.98, z: -0.12999916}
  - {x: 1.9300002, y: 0.01999998, z: -0.1300009}
  - {x: 1.9300002, y: 0.98, z: -0.1300009}
  - {x: 0.3800035, y: 0.98, z: 0.19999984}
  - {x: 0.3800035, y: 0.01999998, z: 0.19999984}
  - {x: 1.9300027, y: 0.98, z: 0.19999833}
  - {x: 1.9300027, y: 0.01999998, z: 0.19999833}
  - {x: 0.38000107, y: 0.98, z: -0.12999916}
  - {x: 0.3800035, y: 0.98, z: 0.19999984}
  - {x: 1.9300002, y: 0.98, z: -0.1300009}
  - {x: 1.9300027, y: 0.98, z: 0.19999833}
  m_Textures0:
  - {x: -0.020002764, y: 0.01999998}
  - {x: -0.3800034, y: 0.01999998}
  - {x: -0.020002764, y: 0.98}
  - {x: -0.3800034, y: 0.98}
  - {x: 0.38000107, y: 0.01999998}
  - {x: 0.020000458, y: 0.01999998}
  - {x: 0.38000107, y: 0.98}
  - {x: 0.020000458, y: 0.98}
  - {x: 0.20001298, y: 0.01999998}
  - {x: -0.12998626, y: 0.01999998}
  - {x: -0.12998626, y: 0.98}
  - {x: 0.20001298, y: 0.98}
  - {x: -0.12999916, y: 0.01999998}
  - {x: -3.75, y: 0.01999998}
  - {x: -3.75, y: 0.98}
  - {x: -0.12999916, y: 0.98}
  - {x: 3.75, y: 0.01999998}
  - {x: 0.12999916, y: 0.01999998}
  - {x: 0.12999916, y: 0.98}
  - {x: 3.75, y: 0.98}
  - {x: 0.13000926, y: 0.01999998}
  - {x: -0.19998997, y: 0.01999998}
  - {x: -0.19998997, y: 0.98}
  - {x: 0.13000926, y: 0.98}
  - {x: 0.020002889, y: 0.20000006}
  - {x: 0.3800035, y: 0.19999984}
  - {x: 0.38000107, y: -0.12999916}
  - {x: 0.020000458, y: -0.12999916}
  - {x: 0.38000107, y: -0.12999916}
  - {x: 0.38000107, y: -3.75}
  - {x: 0.020000458, y: -3.75}
  - {x: 0.020000458, y: -0.12999916}
  - {x: -0.020000458, y: -3.75}
  - {x: -0.38000107, y: -3.75}
  - {x: -0.38000107, y: -0.12999916}
  - {x: -0.020000458, y: -0.12999916}
  - {x: -0.38000107, y: -0.12999916}
  - {x: -0.3800035, y: 0.19999984}
  - {x: -0.020002889, y: 0.20000006}
  - {x: -0.020000458, y: -0.12999916}
  - {x: -0.020002693, y: 0.01999998}
  - {x: -0.020002693, y: 0.98}
  - {x: 1.5299966, y: 0.01999998}
  - {x: 1.5299966, y: 0.98}
  - {x: 0.020002889, y: 0.20000006}
  - {x: 0.020000458, y: -0.12999916}
  - {x: -1.5299964, y: 0.20000158}
  - {x: -1.5299989, y: -0.12999766}
  - {x: 0.020000584, y: 0.98}
  - {x: 0.020000584, y: 0.01999998}
  - {x: -1.5299988, y: 0.98}
  - {x: -1.5299988, y: 0.01999998}
  - {x: -0.020000458, y: -0.12999916}
  - {x: -0.020002889, y: 0.20000006}
  - {x: 1.5299989, y: -0.12999766}
  - {x: 1.5299964, y: 0.20000158}
  - {x: -0.3800035, y: 0.19999984}
  - {x: -0.38000107, y: -0.12999916}
  - {x: -1.9300027, y: 0.19999833}
  - {x: -1.9300002, y: -0.1300009}
  - {x: 0.38000122, y: 0.01999998}
  - {x: 0.38000122, y: 0.98}
  - {x: 1.9300003, y: 0.01999998}
  - {x: 1.9300003, y: 0.98}
  - {x: -0.3800033, y: 0.98}
  - {x: -0.3800033, y: 0.01999998}
  - {x: -1.9300025, y: 0.98}
  - {x: -1.9300025, y: 0.01999998}
  - {x: 0.38000107, y: -0.12999916}
  - {x: 0.3800035, y: 0.19999984}
  - {x: 1.9300002, y: -0.1300009}
  - {x: 1.9300027, y: 0.19999833}
  m_Textures2: []
  m_Textures3: []
  m_Tangents:
  - {x: -1, y: 0, z: 0.00000062088066, w: -1}
  - {x: -1, y: 0, z: 0.00000062088066, w: -1}
  - {x: -1, y: 0, z: 0.00000062088066, w: -1}
  - {x: -1, y: 0, z: 0.00000062088066, w: -1}
  - {x: 1, y: 0, z: 0, w: -1}
  - {x: 1, y: 0, z: 0, w: -1}
  - {x: 1, y: 0, z: 0, w: -1}
  - {x: 1, y: 0, z: 0, w: -1}
  - {x: 0.000007586063, y: 0, z: 1, w: -1}
  - {x: 0.000007586063, y: 0, z: 1, w: -1}
  - {x: 0.000007586063, y: 0, z: 1, w: -1}
  - {x: 0.000007586063, y: 0, z: 1, w: -1}
  - {x: 0, y: 0, z: 1, w: -1}
  - {x: 0, y: 0, z: 1, w: -1}
  - {x: 0, y: 0, z: 1, w: -1}
  - {x: 0, y: 0, z: 1, w: -1}
  - {x: 0, y: 0, z: -1, w: -1}
  - {x: 0, y: 0, z: -1, w: -1}
  - {x: 0, y: 0, z: -1, w: -1}
  - {x: 0, y: 0, z: -1, w: -1}
  - {x: -0.000007586063, y: 0, z: -1, w: -1}
  - {x: -0.000007586063, y: 0, z: -1, w: -1}
  - {x: -0.000007586063, y: 0, z: -1, w: -1}
  - {x: -0.000007586063, y: 0, z: -1, w: -1}
  - {x: 1, y: 0, z: 0, w: -1}
  - {x: 1, y: 0, z: 0, w: -1}
  - {x: 1, y: 0, z: 0, w: -1}
  - {x: 1, y: 0, z: 0, w: -1}
  - {x: 1, y: 0, z: 0, w: -1}
  - {x: 1, y: 0, z: 0, w: -1}
  - {x: 1, y: 0, z: 0, w: -1}
  - {x: 1, y: 0, z: 0, w: -1}
  - {x: -1, y: 0, z: 0, w: -1}
  - {x: -1, y: 0, z: 0, w: -1}
  - {x: -1, y: 0, z: 0, w: -1}
  - {x: -1, y: 0, z: 0, w: -1}
  - {x: -1, y: 0, z: 0, w: -1}
  - {x: -1, y: 0, z: 0, w: -1}
  - {x: -1, y: 0, z: 0, w: -1}
  - {x: -1, y: 0, z: 0, w: -1}
  - {x: -1, y: 0, z: 0.0000009805931, w: -1}
  - {x: -1, y: 0, z: 0.0000009805931, w: -1}
  - {x: -1, y: 0, z: 0.0000009805931, w: -1}
  - {x: -1, y: 0, z: 0.0000009805931, w: -1}
  - {x: 1, y: 0, z: 0, w: -1}
  - {x: 1, y: 0, z: 0, w: -1}
  - {x: 1, y: 0, z: 0, w: -1}
  - {x: 1, y: 0, z: 0, w: -1}
  - {x: 1, y: 0, z: -0.0000009709793, w: -1}
  - {x: 1, y: 0, z: -0.0000009709793, w: -1}
  - {x: 1, y: 0, z: -0.0000009709793, w: -1}
  - {x: 1, y: 0, z: -0.0000009709793, w: -1}
  - {x: -1, y: 0, z: 0, w: -1}
  - {x: -1, y: 0, z: 0, w: -1}
  - {x: -1, y: 0, z: 0, w: -1}
  - {x: -1, y: 0, z: 0, w: -1}
  - {x: -1, y: 0, z: 0, w: -1}
  - {x: -1, y: 0, z: 0, w: -1}
  - {x: -1, y: 0, z: 0, w: -1}
  - {x: -1, y: 0, z: 0, w: -1}
  - {x: 1, y: 0, z: -0.000001124798, w: -1}
  - {x: 1, y: 0, z: -0.000001124798, w: -1}
  - {x: 1, y: 0, z: -0.000001124798, w: -1}
  - {x: 1, y: 0, z: -0.000001124798, w: -1}
  - {x: -1, y: 0, z: 0.0000009709794, w: -1}
  - {x: -1, y: 0, z: 0.0000009709794, w: -1}
  - {x: -1, y: 0, z: 0.0000009709794, w: -1}
  - {x: -1, y: 0, z: 0.0000009709794, w: -1}
  - {x: 1, y: 0, z: 0, w: -1}
  - {x: 1, y: 0, z: 0, w: -1}
  - {x: 1, y: 0, z: 0, w: -1}
  - {x: 1, y: 0, z: 0, w: -1}
  m_Colors: []
  m_UnwrapParameters:
    m_HardAngle: 88
    m_PackMargin: 20
    m_AngleError: 8
    m_AreaError: 15
  m_PreserveMeshAssetOnDestroy: 0
  assetGuid: 
  m_IsSelectable: 1
  m_SelectedFaces: 10000000000000000a000000
  m_SelectedEdges:
  - a: 64
    b: 65
  - a: 66
    b: 64
  - a: 65
    b: 67
  - a: 67
    b: 66
  - a: 0
    b: 1
  - a: 2
    b: 0
  - a: 1
    b: 3
  - a: 3
    b: 2
  - a: 40
    b: 41
  - a: 42
    b: 40
  - a: 41
    b: 43
  - a: 43
    b: 42
  m_SelectedVertices: 400000004100000042000000430000000000000001000000020000000300000028000000290000002a0000002b000000
--- !u!1 &7250028968601733092
GameObject:
  m_ObjectHideFlags: 0
  m_CorrespondingSourceObject: {fileID: 0}
  m_PrefabInstance: {fileID: 0}
  m_PrefabAsset: {fileID: 0}
  serializedVersion: 6
  m_Component:
  - component: {fileID: 7250028968601733103}
  - component: {fileID: 7250028968601733096}
  - component: {fileID: 7250028968601733097}
  - component: {fileID: 7250028968601733098}
  - component: {fileID: 3184736073175413231}
  - component: {fileID: 8653779527668590249}
  m_Layer: 0
  m_Name: LightStripEnd
  m_TagString: Untagged
  m_Icon: {fileID: 0}
  m_NavMeshLayer: 0
  m_StaticEditorFlags: 4294967295
  m_IsActive: 1
--- !u!4 &7250028968601733103
Transform:
  m_ObjectHideFlags: 0
  m_CorrespondingSourceObject: {fileID: 0}
  m_PrefabInstance: {fileID: 0}
  m_PrefabAsset: {fileID: 0}
  m_GameObject: {fileID: 7250028968601733092}
  m_LocalRotation: {x: 0, y: 0, z: 0, w: 1}
  m_LocalPosition: {x: -1.5, y: 0.5, z: 12.3}
  m_LocalScale: {x: 1, y: 1, z: 1}
  m_Children:
  - {fileID: 4991097981387161986}
  - {fileID: 7250028969569034135}
  m_Father: {fileID: 0}
  m_RootOrder: 0
  m_LocalEulerAnglesHint: {x: 0, y: 0, z: 0}
--- !u!33 &7250028968601733096
MeshFilter:
  m_ObjectHideFlags: 0
  m_CorrespondingSourceObject: {fileID: 0}
  m_PrefabInstance: {fileID: 0}
  m_PrefabAsset: {fileID: 0}
  m_GameObject: {fileID: 7250028968601733092}
  m_Mesh: {fileID: 0}
--- !u!23 &7250028968601733097
MeshRenderer:
  m_ObjectHideFlags: 0
  m_CorrespondingSourceObject: {fileID: 0}
  m_PrefabInstance: {fileID: 0}
  m_PrefabAsset: {fileID: 0}
  m_GameObject: {fileID: 7250028968601733092}
  m_Enabled: 1
  m_CastShadows: 1
  m_ReceiveShadows: 1
  m_DynamicOccludee: 1
  m_MotionVectors: 1
  m_LightProbeUsage: 1
  m_ReflectionProbeUsage: 1
  m_RayTracingMode: 2
  m_RenderingLayerMask: 1
  m_RendererPriority: 0
  m_Materials:
  - {fileID: 2100000, guid: e0b747ba2d194cd4fa3e711d56f2472c, type: 2}
  m_StaticBatchInfo:
    firstSubMesh: 0
    subMeshCount: 0
  m_StaticBatchRoot: {fileID: 0}
  m_ProbeAnchor: {fileID: 0}
  m_LightProbeVolumeOverride: {fileID: 0}
  m_ScaleInLightmap: 1
  m_ReceiveGI: 1
  m_PreserveUVs: 0
  m_IgnoreNormalsForChartDetection: 0
  m_ImportantGI: 0
  m_StitchLightmapSeams: 0
  m_SelectedEditorRenderState: 2
  m_MinimumChartSize: 4
  m_AutoUVMaxDistance: 0.5
  m_AutoUVMaxAngle: 89
  m_LightmapParameters: {fileID: 0}
  m_SortingLayerID: 0
  m_SortingLayer: 0
  m_SortingOrder: 0
--- !u!114 &7250028968601733098
MonoBehaviour:
  m_ObjectHideFlags: 0
  m_CorrespondingSourceObject: {fileID: 0}
  m_PrefabInstance: {fileID: 0}
  m_PrefabAsset: {fileID: 0}
  m_GameObject: {fileID: 7250028968601733092}
  m_Enabled: 1
  m_EditorHideFlags: 0
  m_Script: {fileID: 11500000, guid: 8233d90336aea43098adf6dbabd606a2, type: 3}
  m_Name: 
  m_EditorClassIdentifier: 
  m_MeshFormatVersion: 1
  m_Faces:
  - m_Indexes: 000000000100000002000000010000000300000002000000
    m_SmoothingGroup: 0
    m_Uv:
      m_UseWorldSpace: 0
      m_FlipU: 0
      m_FlipV: 0
      m_SwapUV: 0
      m_Fill: 1
      m_Scale: {x: 1, y: 1}
      m_Offset: {x: 0, y: 0}
      m_Rotation: 0
      m_Anchor: 9
    m_Material: {fileID: 0}
    m_SubmeshIndex: 0
    m_ManualUV: 0
    elementGroup: -1
    m_TextureGroup: 0
  - m_Indexes: 040000000500000006000000050000000700000006000000
    m_SmoothingGroup: 0
    m_Uv:
      m_UseWorldSpace: 0
      m_FlipU: 0
      m_FlipV: 0
      m_SwapUV: 0
      m_Fill: 1
      m_Scale: {x: 1, y: 1}
      m_Offset: {x: 0, y: 0}
      m_Rotation: 0
      m_Anchor: 9
    m_Material: {fileID: 0}
    m_SubmeshIndex: 0
    m_ManualUV: 0
    elementGroup: -1
    m_TextureGroup: 0
  - m_Indexes: 08000000090000000a0000000b000000080000000a000000
    m_SmoothingGroup: 0
    m_Uv:
      m_UseWorldSpace: 0
      m_FlipU: 0
      m_FlipV: 0
      m_SwapUV: 0
      m_Fill: 1
      m_Scale: {x: 1, y: 1}
      m_Offset: {x: 0, y: 0}
      m_Rotation: 0
      m_Anchor: 9
    m_Material: {fileID: 2100000, guid: 73c176f402d2c2f4d929aa5da7585d17, type: 2}
    m_SubmeshIndex: 0
    m_ManualUV: 0
    elementGroup: 0
    m_TextureGroup: 0
  - m_Indexes: 0c0000000d0000000e0000000f0000000c0000000e000000
    m_SmoothingGroup: 0
    m_Uv:
      m_UseWorldSpace: 0
      m_FlipU: 0
      m_FlipV: 0
      m_SwapUV: 0
      m_Fill: 1
      m_Scale: {x: 1, y: 1}
      m_Offset: {x: 0, y: 0}
      m_Rotation: 0
      m_Anchor: 9
    m_Material: {fileID: 2100000, guid: 73c176f402d2c2f4d929aa5da7585d17, type: 2}
    m_SubmeshIndex: 0
    m_ManualUV: 0
    elementGroup: 0
    m_TextureGroup: 0
  - m_Indexes: 110000001300000010000000110000001200000013000000
    m_SmoothingGroup: 0
    m_Uv:
      m_UseWorldSpace: 0
      m_FlipU: 0
      m_FlipV: 0
      m_SwapUV: 0
      m_Fill: 1
      m_Scale: {x: 1, y: 1}
      m_Offset: {x: 0, y: 0}
      m_Rotation: 0
      m_Anchor: 9
    m_Material: {fileID: 2100000, guid: 73c176f402d2c2f4d929aa5da7585d17, type: 2}
    m_SubmeshIndex: 0
    m_ManualUV: 0
    elementGroup: 0
    m_TextureGroup: 0
  - m_Indexes: 160000001400000015000000160000001700000014000000
    m_SmoothingGroup: 0
    m_Uv:
      m_UseWorldSpace: 0
      m_FlipU: 0
      m_FlipV: 0
      m_SwapUV: 0
      m_Fill: 1
      m_Scale: {x: 1, y: 1}
      m_Offset: {x: 0, y: 0}
      m_Rotation: 0
      m_Anchor: 9
    m_Material: {fileID: 2100000, guid: 73c176f402d2c2f4d929aa5da7585d17, type: 2}
    m_SubmeshIndex: 0
    m_ManualUV: 0
    elementGroup: 0
    m_TextureGroup: 0
  - m_Indexes: 18000000190000001a0000001b000000180000001a000000
    m_SmoothingGroup: 0
    m_Uv:
      m_UseWorldSpace: 0
      m_FlipU: 0
      m_FlipV: 0
      m_SwapUV: 0
      m_Fill: 1
      m_Scale: {x: 1, y: 1}
      m_Offset: {x: 0, y: 0}
      m_Rotation: 0
      m_Anchor: 9
    m_Material: {fileID: 2100000, guid: 73c176f402d2c2f4d929aa5da7585d17, type: 2}
    m_SubmeshIndex: 0
    m_ManualUV: 0
    elementGroup: 0
    m_TextureGroup: 0
  - m_Indexes: 1c0000001d0000001e0000001f0000001c0000001e000000
    m_SmoothingGroup: 0
    m_Uv:
      m_UseWorldSpace: 0
      m_FlipU: 0
      m_FlipV: 0
      m_SwapUV: 0
      m_Fill: 1
      m_Scale: {x: 1, y: 1}
      m_Offset: {x: 0, y: 0}
      m_Rotation: 0
      m_Anchor: 9
    m_Material: {fileID: 2100000, guid: 73c176f402d2c2f4d929aa5da7585d17, type: 2}
    m_SubmeshIndex: 0
    m_ManualUV: 0
    elementGroup: 0
    m_TextureGroup: 0
  - m_Indexes: 210000002300000020000000210000002200000023000000
    m_SmoothingGroup: 0
    m_Uv:
      m_UseWorldSpace: 0
      m_FlipU: 0
      m_FlipV: 0
      m_SwapUV: 0
      m_Fill: 1
      m_Scale: {x: 1, y: 1}
      m_Offset: {x: 0, y: 0}
      m_Rotation: 0
      m_Anchor: 9
    m_Material: {fileID: 2100000, guid: 73c176f402d2c2f4d929aa5da7585d17, type: 2}
    m_SubmeshIndex: 0
    m_ManualUV: 0
    elementGroup: 0
    m_TextureGroup: 0
  - m_Indexes: 260000002400000025000000260000002700000024000000
    m_SmoothingGroup: 0
    m_Uv:
      m_UseWorldSpace: 0
      m_FlipU: 0
      m_FlipV: 0
      m_SwapUV: 0
      m_Fill: 1
      m_Scale: {x: 1, y: 1}
      m_Offset: {x: 0, y: 0}
      m_Rotation: 0
      m_Anchor: 9
    m_Material: {fileID: 2100000, guid: 73c176f402d2c2f4d929aa5da7585d17, type: 2}
    m_SubmeshIndex: 0
    m_ManualUV: 0
    elementGroup: 0
    m_TextureGroup: 0
  - m_Indexes: 2a00000029000000280000002a0000002b00000029000000
    m_SmoothingGroup: 0
    m_Uv:
      m_UseWorldSpace: 0
      m_FlipU: 0
      m_FlipV: 0
      m_SwapUV: 0
      m_Fill: 1
      m_Scale: {x: 1, y: 1}
      m_Offset: {x: 0, y: 0}
      m_Rotation: 0
      m_Anchor: 9
    m_Material: {fileID: 0}
    m_SubmeshIndex: 0
    m_ManualUV: 0
    elementGroup: -1
    m_TextureGroup: 0
  - m_Indexes: 2e0000002d0000002c0000002e0000002f0000002d000000
    m_SmoothingGroup: 0
    m_Uv:
      m_UseWorldSpace: 0
      m_FlipU: 0
      m_FlipV: 0
      m_SwapUV: 0
      m_Fill: 1
      m_Scale: {x: 1, y: 1}
      m_Offset: {x: 0, y: 0}
      m_Rotation: 0
      m_Anchor: 9
    m_Material: {fileID: 0}
    m_SubmeshIndex: 0
    m_ManualUV: 0
    elementGroup: -1
    m_TextureGroup: 0
  m_SharedVertices:
  - m_Vertices: 000000000d00000025000000
  - m_Vertices: 010000001200000024000000
  - m_Vertices: 020000000e0000001f000000
  - m_Vertices: 03000000110000001c000000
  - m_Vertices: 040000001400000022000000
  - m_Vertices: 050000000800000021000000
  - m_Vertices: 060000001500000019000000
  - m_Vertices: 070000000b0000001a000000
  - m_Vertices: 09000000200000002a000000
  - m_Vertices: 0a0000001b00000028000000
  - m_Vertices: 0c000000260000002f000000
  - m_Vertices: 0f0000001e0000002d000000
  - m_Vertices: 100000001d0000002c000000
  - m_Vertices: 13000000270000002e000000
  - m_Vertices: 160000001800000029000000
  - m_Vertices: 17000000230000002b000000
  m_SharedTextures: []
  m_Positions:
  - {x: 2, y: -0.5, z: 1.6000004}
  - {x: 2, y: -0.5, z: -2}
  - {x: 2, y: 0.5, z: 1.6000004}
  - {x: 2, y: 0.5, z: -2}
  - {x: -1.9999981, y: -0.49950123, z: -2.0000002}
  - {x: -1.9999962, y: -0.49950123, z: 1.6000004}
  - {x: -1.9999981, y: 0.5004988, z: -2.0000002}
  - {x: -1.9999962, y: 0.5004988, z: 1.6000004}
  - {x: -1.9999962, y: -0.49950123, z: 1.6000004}
  - {x: -0.20000076, y: -0.5, z: 1.6000004}
  - {x: -0.20000076, y: 0.5, z: 1.6000004}
  - {x: -1.9999962, y: 0.5004988, z: 1.6000004}
  - {x: 0.20000076, y: -0.5, z: 1.6000004}
  - {x: 2, y: -0.5, z: 1.6000004}
  - {x: 2, y: 0.5, z: 1.6000004}
  - {x: 0.20000076, y: 0.5, z: 1.6000004}
  - {x: 0.20000076, y: 0.5, z: -2}
  - {x: 2, y: 0.5, z: -2}
  - {x: 2, y: -0.5, z: -2}
  - {x: 0.20000076, y: -0.5, z: -2}
  - {x: -1.9999981, y: -0.49950123, z: -2.0000002}
  - {x: -1.9999981, y: 0.5004988, z: -2.0000002}
  - {x: -0.20000076, y: 0.5, z: -2}
  - {x: -0.20000076, y: -0.5, z: -2}
  - {x: -0.20000076, y: 0.5, z: -2}
  - {x: -1.9999981, y: 0.5004988, z: -2.0000002}
  - {x: -1.9999962, y: 0.5004988, z: 1.6000004}
  - {x: -0.20000076, y: 0.5, z: 1.6000004}
  - {x: 2, y: 0.5, z: -2}
  - {x: 0.20000076, y: 0.5, z: -2}
  - {x: 0.20000076, y: 0.5, z: 1.6000004}
  - {x: 2, y: 0.5, z: 1.6000004}
  - {x: -0.20000076, y: -0.5, z: 1.6000004}
  - {x: -1.9999962, y: -0.49950123, z: 1.6000004}
  - {x: -1.9999981, y: -0.49950123, z: -2.0000002}
  - {x: -0.20000076, y: -0.5, z: -2}
  - {x: 2, y: -0.5, z: -2}
  - {x: 2, y: -0.5, z: 1.6000004}
  - {x: 0.20000076, y: -0.5, z: 1.6000004}
  - {x: 0.20000076, y: -0.5, z: -2}
  - {x: -0.20000076, y: 0.5, z: 1.6000004}
  - {x: -0.20000076, y: 0.5, z: -2}
  - {x: -0.20000076, y: -0.5, z: 1.6000004}
  - {x: -0.20000076, y: -0.5, z: -2}
  - {x: 0.20000076, y: 0.5, z: -2}
  - {x: 0.20000076, y: 0.5, z: 1.6000004}
  - {x: 0.20000076, y: -0.5, z: -2}
  - {x: 0.20000076, y: -0.5, z: 1.6000004}
  m_Textures0:
  - {x: 1.6000004, y: -0.5}
  - {x: -2, y: -0.5}
  - {x: 1.6000004, y: 0.5}
  - {x: -2, y: 0.5}
  - {x: 2.0000012, y: -0.49950123}
  - {x: -1.5999993, y: -0.49950123}
  - {x: 2.0000012, y: 0.5004988}
  - {x: -1.5999993, y: 0.5004988}
  - {x: 1.9999962, y: -0.49950123}
  - {x: 0.20000076, y: -0.5}
  - {x: 0.20000076, y: 0.5}
  - {x: 1.9999962, y: 0.5004988}
  - {x: -0.20000076, y: -0.5}
  - {x: -2, y: -0.5}
  - {x: -2, y: 0.5}
  - {x: -0.20000076, y: 0.5}
  - {x: 0.20000076, y: 0.5}
  - {x: 2, y: 0.5}
  - {x: 2, y: -0.5}
  - {x: 0.20000076, y: -0.5}
  - {x: -1.9999983, y: -0.49950123}
  - {x: -1.9999983, y: 0.5004988}
  - {x: -0.20000103, y: 0.5}
  - {x: -0.20000103, y: -0.5}
  - {x: -0.2001393, y: -2}
  - {x: -2.0001366, y: -2.0000002}
  - {x: -2.0001347, y: 1.6000004}
  - {x: -0.2001393, y: 1.6000004}
  - {x: 2, y: -2}
  - {x: 0.20000076, y: -2}
  - {x: 0.20000076, y: 1.6000004}
  - {x: 2, y: 1.6000004}
  - {x: 0.1998622, y: 1.6000004}
  - {x: 1.9998577, y: 1.6000004}
  - {x: 1.9998596, y: -2.0000002}
  - {x: 0.1998622, y: -2}
  - {x: -2, y: -2}
  - {x: -2, y: 1.6000004}
  - {x: -0.20000076, y: 1.6000004}
  - {x: -0.20000076, y: -2}
  - {x: 1.6000004, y: 0.5}
  - {x: -2, y: 0.5}
  - {x: 1.6000004, y: -0.5}
  - {x: -2, y: -0.5}
  - {x: 2, y: 0.5}
  - {x: -1.6000004, y: 0.5}
  - {x: 2, y: -0.5}
  - {x: -1.6000004, y: -0.5}
  m_Textures2: []
  m_Textures3: []
  m_Tangents:
  - {x: 0, y: 0, z: 1, w: -1}
  - {x: 0, y: 0, z: 1, w: -1}
  - {x: 0, y: 0, z: 1, w: -1}
  - {x: 0, y: 0, z: 1, w: -1}
  - {x: -0.000000529819, y: 0, z: -1, w: -1}
  - {x: -0.000000529819, y: 0, z: -1, w: -1}
  - {x: -0.000000529819, y: 0, z: -1, w: -1}
  - {x: -0.000000529819, y: 0, z: -1, w: -1}
  - {x: -1, y: 0, z: 0, w: -1}
  - {x: -1, y: 0, z: 0, w: -1}
  - {x: -1, y: 0, z: 0, w: -1}
  - {x: -1, y: 0, z: 0, w: -1}
  - {x: -1, y: 0, z: 0, w: -1}
  - {x: -1, y: 0, z: 0, w: -1}
  - {x: -1, y: 0, z: 0, w: -1}
  - {x: -1, y: 0, z: 0, w: -1}
  - {x: 1, y: 0, z: 0, w: -1}
  - {x: 1, y: 0, z: 0, w: -1}
  - {x: 1, y: 0, z: 0, w: -1}
  - {x: 1, y: 0, z: 0, w: -1}
  - {x: 1, y: 0, z: 0.00000013245496, w: -1}
  - {x: 1, y: 0, z: 0.00000013245496, w: -1}
  - {x: 1, y: 0, z: 0.00000013245496, w: -1}
  - {x: 1, y: 0, z: 0.00000013245496, w: -1}
  - {x: 1, y: -0.00027709594, z: 0, w: -1}
  - {x: 1, y: -0.0002770958, z: 0, w: -1}
  - {x: 1, y: -0.00027709594, z: 0, w: -1}
  - {x: 1, y: -0.0002770961, z: 0, w: -1}
  - {x: 1, y: 0, z: 0, w: -1}
  - {x: 1, y: 0, z: 0, w: -1}
  - {x: 1, y: 0, z: 0, w: -1}
  - {x: 1, y: 0, z: 0, w: -1}
  - {x: -1, y: 0.0002770961, z: 0, w: -1}
  - {x: -1, y: 0.00027709594, z: 0, w: -1}
  - {x: -1, y: 0.0002770958, z: 0, w: -1}
  - {x: -1, y: 0.00027709594, z: 0, w: -1}
  - {x: -1, y: 0, z: 0, w: -1}
  - {x: -1, y: 0, z: 0, w: -1}
  - {x: -1, y: 0, z: 0, w: -1}
  - {x: -1, y: 0, z: 0, w: -1}
  - {x: 0, y: 0, z: 1, w: -1}
  - {x: 0, y: 0, z: 1, w: -1}
  - {x: 0, y: 0, z: 1, w: -1}
  - {x: 0, y: 0, z: 1, w: -1}
  - {x: 0, y: 0, z: -1, w: -1}
  - {x: 0, y: 0, z: -1, w: -1}
  - {x: 0, y: 0, z: -1, w: -1}
  - {x: 0, y: 0, z: -1, w: -1}
  m_Colors: []
  m_UnwrapParameters:
    m_HardAngle: 88
    m_PackMargin: 20
    m_AngleError: 8
    m_AreaError: 15
  m_PreserveMeshAssetOnDestroy: 0
  assetGuid: 
  m_IsSelectable: 1
  m_SelectedFaces: 
  m_SelectedEdges: []
  m_SelectedVertices: 
--- !u!114 &3184736073175413231
MonoBehaviour:
  m_ObjectHideFlags: 0
  m_CorrespondingSourceObject: {fileID: 0}
  m_PrefabInstance: {fileID: 0}
  m_PrefabAsset: {fileID: 0}
  m_GameObject: {fileID: 7250028968601733092}
  m_Enabled: 1
  m_EditorHideFlags: 0
  m_Script: {fileID: 11500000, guid: 0ca8ca380e9ec744d9cc475c9cdb2dbb, type: 3}
  m_Name: 
  m_EditorClassIdentifier: 
  renderer: {fileID: 4991097981387162047}
  light: {fileID: 0}
  lightShaft: {fileID: 0}
  attachedLighting: {fileID: 0}
  hdrColour: {r: 1.6235294, g: 1.6235294, b: 1.6235294, a: 1}
  isActive: 0
  onlyOnce: 0
  transitionTime: 0.5
  yPos:
  - 0
  - 0
--- !u!65 &8653779527668590249
BoxCollider:
  m_ObjectHideFlags: 0
  m_CorrespondingSourceObject: {fileID: 0}
  m_PrefabInstance: {fileID: 0}
  m_PrefabAsset: {fileID: 0}
  m_GameObject: {fileID: 7250028968601733092}
  m_Material: {fileID: 0}
  m_IsTrigger: 0
  m_Enabled: 1
  serializedVersion: 2
  m_Size: {x: 4, y: 1, z: 4}
  m_Center: {x: 0, y: 0, z: 0}
--- !u!1 &7250028969569034092
GameObject:
  m_ObjectHideFlags: 0
  m_CorrespondingSourceObject: {fileID: 0}
  m_PrefabInstance: {fileID: 0}
  m_PrefabAsset: {fileID: 0}
  serializedVersion: 6
  m_Component:
  - component: {fileID: 7250028969569034135}
  - component: {fileID: 7250028969569034128}
  - component: {fileID: 7250028969569034129}
  - component: {fileID: 7250028969569034130}
  m_Layer: 0
  m_Name: Glass
  m_TagString: Untagged
  m_Icon: {fileID: 0}
  m_NavMeshLayer: 0
  m_StaticEditorFlags: 4294967295
  m_IsActive: 1
--- !u!4 &7250028969569034135
Transform:
  m_ObjectHideFlags: 0
  m_CorrespondingSourceObject: {fileID: 0}
  m_PrefabInstance: {fileID: 0}
  m_PrefabAsset: {fileID: 0}
  m_GameObject: {fileID: 7250028969569034092}
  m_LocalRotation: {x: -0, y: -0, z: -0, w: 1}
  m_LocalPosition: {x: -0.20000005, y: -0.5, z: 1.6999998}
  m_LocalScale: {x: 1, y: 1, z: 1}
  m_Children: []
  m_Father: {fileID: 7250028968601733103}
  m_RootOrder: 1
  m_LocalEulerAnglesHint: {x: 0, y: 0, z: 0}
--- !u!33 &7250028969569034128
MeshFilter:
  m_ObjectHideFlags: 0
  m_CorrespondingSourceObject: {fileID: 0}
  m_PrefabInstance: {fileID: 0}
  m_PrefabAsset: {fileID: 0}
  m_GameObject: {fileID: 7250028969569034092}
  m_Mesh: {fileID: 0}
--- !u!23 &7250028969569034129
MeshRenderer:
  m_ObjectHideFlags: 0
  m_CorrespondingSourceObject: {fileID: 0}
  m_PrefabInstance: {fileID: 0}
  m_PrefabAsset: {fileID: 0}
  m_GameObject: {fileID: 7250028969569034092}
  m_Enabled: 1
  m_CastShadows: 1
  m_ReceiveShadows: 1
  m_DynamicOccludee: 1
  m_MotionVectors: 1
  m_LightProbeUsage: 1
  m_ReflectionProbeUsage: 1
  m_RayTracingMode: 2
  m_RenderingLayerMask: 1
  m_RendererPriority: 0
  m_Materials:
  - {fileID: 2100000, guid: 7fe47a3fbb9b3154eb3b866fdc55d89b, type: 2}
  m_StaticBatchInfo:
    firstSubMesh: 0
    subMeshCount: 0
  m_StaticBatchRoot: {fileID: 0}
  m_ProbeAnchor: {fileID: 0}
  m_LightProbeVolumeOverride: {fileID: 0}
  m_ScaleInLightmap: 1
  m_ReceiveGI: 1
  m_PreserveUVs: 0
  m_IgnoreNormalsForChartDetection: 0
  m_ImportantGI: 0
  m_StitchLightmapSeams: 0
  m_SelectedEditorRenderState: 2
  m_MinimumChartSize: 4
  m_AutoUVMaxDistance: 0.5
  m_AutoUVMaxAngle: 89
  m_LightmapParameters: {fileID: 0}
  m_SortingLayerID: 0
  m_SortingLayer: 0
  m_SortingOrder: 0
--- !u!114 &7250028969569034130
MonoBehaviour:
  m_ObjectHideFlags: 0
  m_CorrespondingSourceObject: {fileID: 0}
  m_PrefabInstance: {fileID: 0}
  m_PrefabAsset: {fileID: 0}
  m_GameObject: {fileID: 7250028969569034092}
  m_Enabled: 1
  m_EditorHideFlags: 0
  m_Script: {fileID: 11500000, guid: 8233d90336aea43098adf6dbabd606a2, type: 3}
  m_Name: 
  m_EditorClassIdentifier: 
  m_MeshFormatVersion: 1
  m_Faces:
  - m_Indexes: 000000000100000002000000010000000300000002000000
    m_SmoothingGroup: 0
    m_Uv:
      m_UseWorldSpace: 0
      m_FlipU: 0
      m_FlipV: 0
      m_SwapUV: 0
      m_Fill: 1
      m_Scale: {x: 1, y: 1}
      m_Offset: {x: 0, y: 0}
      m_Rotation: 0
      m_Anchor: 9
    m_Material: {fileID: 0}
    m_SubmeshIndex: 0
    m_ManualUV: 0
    elementGroup: -1
    m_TextureGroup: 0
  - m_Indexes: 040000000500000006000000050000000700000006000000
    m_SmoothingGroup: 0
    m_Uv:
      m_UseWorldSpace: 0
      m_FlipU: 0
      m_FlipV: 0
      m_SwapUV: 0
      m_Fill: 1
      m_Scale: {x: 1, y: 1}
      m_Offset: {x: 0, y: 0}
      m_Rotation: 0
      m_Anchor: 9
    m_Material: {fileID: 0}
    m_SubmeshIndex: 0
    m_ManualUV: 0
    elementGroup: -1
    m_TextureGroup: 0
  - m_Indexes: 08000000090000000a0000000b000000080000000a000000
    m_SmoothingGroup: 0
    m_Uv:
      m_UseWorldSpace: 0
      m_FlipU: 0
      m_FlipV: 0
      m_SwapUV: 0
      m_Fill: 1
      m_Scale: {x: 1, y: 1}
      m_Offset: {x: 0, y: 0}
      m_Rotation: 0
      m_Anchor: 9
    m_Material: {fileID: 2100000, guid: 73c176f402d2c2f4d929aa5da7585d17, type: 2}
    m_SubmeshIndex: 0
    m_ManualUV: 0
    elementGroup: 0
    m_TextureGroup: -1
  - m_Indexes: 0c0000000d0000000e0000000f0000000c0000000e000000
    m_SmoothingGroup: 0
    m_Uv:
      m_UseWorldSpace: 0
      m_FlipU: 0
      m_FlipV: 0
      m_SwapUV: 0
      m_Fill: 1
      m_Scale: {x: 1, y: 1}
      m_Offset: {x: 0, y: 0}
      m_Rotation: 0
      m_Anchor: 9
    m_Material: {fileID: 2100000, guid: 73c176f402d2c2f4d929aa5da7585d17, type: 2}
    m_SubmeshIndex: 0
    m_ManualUV: 0
    elementGroup: 0
    m_TextureGroup: 0
  - m_Indexes: 130000001100000012000000130000001000000011000000
    m_SmoothingGroup: 0
    m_Uv:
      m_UseWorldSpace: 0
      m_FlipU: 0
      m_FlipV: 0
      m_SwapUV: 0
      m_Fill: 1
      m_Scale: {x: 1, y: 1}
      m_Offset: {x: 0, y: 0}
      m_Rotation: 0
      m_Anchor: 9
    m_Material: {fileID: 2100000, guid: 73c176f402d2c2f4d929aa5da7585d17, type: 2}
    m_SubmeshIndex: 0
    m_ManualUV: 0
    elementGroup: 0
    m_TextureGroup: 0
  - m_Indexes: 170000001500000016000000170000001400000015000000
    m_SmoothingGroup: 0
    m_Uv:
      m_UseWorldSpace: 0
      m_FlipU: 0
      m_FlipV: 0
      m_SwapUV: 0
      m_Fill: 1
      m_Scale: {x: 1, y: 1}
      m_Offset: {x: 0, y: 0}
      m_Rotation: 0
      m_Anchor: 9
    m_Material: {fileID: 2100000, guid: 73c176f402d2c2f4d929aa5da7585d17, type: 2}
    m_SubmeshIndex: 0
    m_ManualUV: 0
    elementGroup: 0
    m_TextureGroup: -1
  - m_Indexes: 1a0000001b00000018000000190000001a00000018000000
    m_SmoothingGroup: 0
    m_Uv:
      m_UseWorldSpace: 0
      m_FlipU: 0
      m_FlipV: 0
      m_SwapUV: 0
      m_Fill: 1
      m_Scale: {x: 1, y: 1}
      m_Offset: {x: 0, y: 0}
      m_Rotation: 0
      m_Anchor: 9
    m_Material: {fileID: 2100000, guid: 73c176f402d2c2f4d929aa5da7585d17, type: 2}
    m_SubmeshIndex: 0
    m_ManualUV: 0
    elementGroup: 0
    m_TextureGroup: 0
  - m_Indexes: 1d0000001e0000001f0000001c0000001d0000001f000000
    m_SmoothingGroup: 0
    m_Uv:
      m_UseWorldSpace: 0
      m_FlipU: 0
      m_FlipV: 0
      m_SwapUV: 0
      m_Fill: 1
      m_Scale: {x: 1, y: 1}
      m_Offset: {x: 0, y: 0}
      m_Rotation: 0
      m_Anchor: 9
    m_Material: {fileID: 2100000, guid: 73c176f402d2c2f4d929aa5da7585d17, type: 2}
    m_SubmeshIndex: 0
    m_ManualUV: 0
    elementGroup: 0
    m_TextureGroup: 0
  - m_Indexes: 230000002100000022000000230000002000000021000000
    m_SmoothingGroup: 0
    m_Uv:
      m_UseWorldSpace: 0
      m_FlipU: 0
      m_FlipV: 0
      m_SwapUV: 0
      m_Fill: 1
      m_Scale: {x: 1, y: 1}
      m_Offset: {x: 0, y: 0}
      m_Rotation: 0
      m_Anchor: 9
    m_Material: {fileID: 2100000, guid: 73c176f402d2c2f4d929aa5da7585d17, type: 2}
    m_SubmeshIndex: 0
    m_ManualUV: 0
    elementGroup: 0
    m_TextureGroup: 0
  - m_Indexes: 260000002400000025000000260000002700000024000000
    m_SmoothingGroup: 0
    m_Uv:
      m_UseWorldSpace: 0
      m_FlipU: 0
      m_FlipV: 0
      m_SwapUV: 0
      m_Fill: 1
      m_Scale: {x: 1, y: 1}
      m_Offset: {x: 0, y: 0}
      m_Rotation: 0
      m_Anchor: 9
    m_Material: {fileID: 2100000, guid: 73c176f402d2c2f4d929aa5da7585d17, type: 2}
    m_SubmeshIndex: 0
    m_ManualUV: 0
    elementGroup: 0
    m_TextureGroup: 0
  - m_Indexes: 28000000290000002a000000290000002b0000002a000000
    m_SmoothingGroup: 0
    m_Uv:
      m_UseWorldSpace: 0
      m_FlipU: 0
      m_FlipV: 0
      m_SwapUV: 0
      m_Fill: 1
      m_Scale: {x: 1, y: 1}
      m_Offset: {x: 0, y: 0}
      m_Rotation: 0
      m_Anchor: 9
    m_Material: {fileID: 0}
    m_SubmeshIndex: 0
    m_ManualUV: 0
    elementGroup: -1
    m_TextureGroup: -1
  - m_Indexes: 2c0000002d0000002e0000002d0000002f0000002e000000
    m_SmoothingGroup: 0
    m_Uv:
      m_UseWorldSpace: 0
      m_FlipU: 0
      m_FlipV: 0
      m_SwapUV: 0
      m_Fill: 1
      m_Scale: {x: 1, y: 1}
      m_Offset: {x: 0, y: 0}
      m_Rotation: 0
      m_Anchor: 9
    m_Material: {fileID: 0}
    m_SubmeshIndex: 0
    m_ManualUV: 0
    elementGroup: -1
    m_TextureGroup: -1
  - m_Indexes: 300000003100000032000000310000003300000032000000
    m_SmoothingGroup: 0
    m_Uv:
      m_UseWorldSpace: 0
      m_FlipU: 0
      m_FlipV: 0
      m_SwapUV: 0
      m_Fill: 1
      m_Scale: {x: 1, y: 1}
      m_Offset: {x: 0, y: 0}
      m_Rotation: 0
      m_Anchor: 9
    m_Material: {fileID: 0}
    m_SubmeshIndex: 0
    m_ManualUV: 0
    elementGroup: -1
    m_TextureGroup: -1
  - m_Indexes: 340000003500000036000000350000003700000036000000
    m_SmoothingGroup: 0
    m_Uv:
      m_UseWorldSpace: 0
      m_FlipU: 0
      m_FlipV: 0
      m_SwapUV: 0
      m_Fill: 1
      m_Scale: {x: 1, y: 1}
      m_Offset: {x: 0, y: 0}
      m_Rotation: 0
      m_Anchor: 9
    m_Material: {fileID: 0}
    m_SubmeshIndex: 0
    m_ManualUV: 0
    elementGroup: -1
    m_TextureGroup: -1
  - m_Indexes: 38000000390000003a000000390000003b0000003a000000
    m_SmoothingGroup: 0
    m_Uv:
      m_UseWorldSpace: 0
      m_FlipU: 0
      m_FlipV: 0
      m_SwapUV: 0
      m_Fill: 1
      m_Scale: {x: 1, y: 1}
      m_Offset: {x: 0, y: 0}
      m_Rotation: 0
      m_Anchor: 9
    m_Material: {fileID: 0}
    m_SubmeshIndex: 0
    m_ManualUV: 0
    elementGroup: -1
    m_TextureGroup: -1
  - m_Indexes: 3c0000003d0000003e0000003d0000003f0000003e000000
    m_SmoothingGroup: 0
    m_Uv:
      m_UseWorldSpace: 0
      m_FlipU: 0
      m_FlipV: 0
      m_SwapUV: 0
      m_Fill: 1
      m_Scale: {x: 1, y: 1}
      m_Offset: {x: 0, y: 0}
      m_Rotation: 0
      m_Anchor: 9
    m_Material: {fileID: 0}
    m_SubmeshIndex: 0
    m_ManualUV: 0
    elementGroup: -1
    m_TextureGroup: -1
  - m_Indexes: 400000004100000042000000410000004300000042000000
    m_SmoothingGroup: 0
    m_Uv:
      m_UseWorldSpace: 0
      m_FlipU: 0
      m_FlipV: 0
      m_SwapUV: 0
      m_Fill: 1
      m_Scale: {x: 1, y: 1}
      m_Offset: {x: 0, y: 0}
      m_Rotation: 0
      m_Anchor: 9
    m_Material: {fileID: 0}
    m_SubmeshIndex: 0
    m_ManualUV: 0
    elementGroup: -1
    m_TextureGroup: -1
  - m_Indexes: 440000004500000046000000450000004700000046000000
    m_SmoothingGroup: 0
    m_Uv:
      m_UseWorldSpace: 0
      m_FlipU: 0
      m_FlipV: 0
      m_SwapUV: 0
      m_Fill: 1
      m_Scale: {x: 1, y: 1}
      m_Offset: {x: 0, y: 0}
      m_Rotation: 0
      m_Anchor: 9
    m_Material: {fileID: 0}
    m_SubmeshIndex: 0
    m_ManualUV: 0
    elementGroup: -1
    m_TextureGroup: -1
  m_SharedVertices:
  - m_Vertices: 00000000260000002800000035000000
  - m_Vertices: 150000002a00000037000000
  - m_Vertices: 01000000250000003800000041000000
  - m_Vertices: 080000003a00000043000000
  - m_Vertices: 0200000018000000290000002c000000
  - m_Vertices: 160000002b0000002e000000
  - m_Vertices: 03000000190000004000000045000000
  - m_Vertices: 0b0000004200000047000000
  - m_Vertices: 040000000d00000021000000
  - m_Vertices: 050000001000000020000000
  - m_Vertices: 060000000e0000001d000000
  - m_Vertices: 07000000130000001e000000
  - m_Vertices: 090000003b0000003e000000
  - m_Vertices: 0c0000002200000024000000390000003c000000
  - m_Vertices: 0a0000003f00000046000000
  - m_Vertices: 0f0000001a0000001c0000003d00000044000000
  - m_Vertices: 1100000023000000270000003100000034000000
  - m_Vertices: 140000003300000036000000
  - m_Vertices: 120000001b0000001f0000002d00000030000000
  - m_Vertices: 170000002f00000032000000
  m_SharedTextures: []
  m_Positions:
  - {x: 0, y: 0, z: 0.3000002}
  - {x: 0.40000153, y: 0, z: 0.3000002}
  - {x: 0, y: 1, z: 0.3000002}
  - {x: 0.40000153, y: 1, z: 0.3000002}
  - {x: 0.40000153, y: 0, z: -3.6999998}
  - {x: 0, y: 0, z: -3.6999998}
  - {x: 0.40000153, y: 1, z: -3.6999998}
  - {x: 0, y: 1, z: -3.6999998}
  - {x: 2.2000008, y: 0, z: 0.3000002}
  - {x: 2.2000008, y: 0, z: -0.09999943}
  - {x: 2.2000008, y: 1, z: -0.09999943}
  - {x: 2.2000008, y: 1, z: 0.3000002}
  - {x: 0.40000153, y: 0, z: -0.09999943}
  - {x: 0.40000153, y: 0, z: -3.6999998}
  - {x: 0.40000153, y: 1, z: -3.6999998}
  - {x: 0.40000153, y: 1, z: -0.09999943}
  - {x: 0, y: 0, z: -3.6999998}
  - {x: 0, y: 0, z: -0.09999943}
  - {x: 0, y: 1, z: -0.09999943}
  - {x: 0, y: 1, z: -3.6999998}
  - {x: -1.7999992, y: 0, z: -0.09999943}
  - {x: -1.7999992, y: 0, z: 0.3000002}
  - {x: -1.7999992, y: 1, z: 0.3000002}
  - {x: -1.7999992, y: 1, z: -0.09999943}
  - {x: 0, y: 1, z: 0.3000002}
  - {x: 0.40000153, y: 1, z: 0.3000002}
  - {x: 0.40000153, y: 1, z: -0.09999943}
  - {x: 0, y: 1, z: -0.09999943}
  - {x: 0.40000153, y: 1, z: -0.09999943}
  - {x: 0.40000153, y: 1, z: -3.6999998}
  - {x: 0, y: 1, z: -3.6999998}
  - {x: 0, y: 1, z: -0.09999943}
  - {x: 0, y: 0, z: -3.6999998}
  - {x: 0.40000153, y: 0, z: -3.6999998}
  - {x: 0.40000153, y: 0, z: -0.09999943}
  - {x: 0, y: 0, z: -0.09999943}
  - {x: 0.40000153, y: 0, z: -0.09999943}
  - {x: 0.40000153, y: 0, z: 0.3000002}
  - {x: 0, y: 0, z: 0.3000002}
  - {x: 0, y: 0, z: -0.09999943}
  - {x: 0, y: 0, z: 0.3000002}
  - {x: 0, y: 1, z: 0.3000002}
  - {x: -1.7999992, y: 0, z: 0.3000002}
  - {x: -1.7999992, y: 1, z: 0.3000002}
  - {x: 0, y: 1, z: 0.3000002}
  - {x: 0, y: 1, z: -0.09999943}
  - {x: -1.7999992, y: 1, z: 0.3000002}
  - {x: -1.7999992, y: 1, z: -0.09999943}
  - {x: 0, y: 1, z: -0.09999943}
  - {x: 0, y: 0, z: -0.09999943}
  - {x: -1.7999992, y: 1, z: -0.09999943}
  - {x: -1.7999992, y: 0, z: -0.09999943}
  - {x: 0, y: 0, z: -0.09999943}
  - {x: 0, y: 0, z: 0.3000002}
  - {x: -1.7999992, y: 0, z: -0.09999943}
  - {x: -1.7999992, y: 0, z: 0.3000002}
  - {x: 0.40000153, y: 0, z: 0.3000002}
  - {x: 0.40000153, y: 0, z: -0.09999943}
  - {x: 2.2000008, y: 0, z: 0.3000002}
  - {x: 2.2000008, y: 0, z: -0.09999943}
  - {x: 0.40000153, y: 0, z: -0.09999943}
  - {x: 0.40000153, y: 1, z: -0.09999943}
  - {x: 2.2000008, y: 0, z: -0.09999943}
  - {x: 2.2000008, y: 1, z: -0.09999943}
  - {x: 0.40000153, y: 1, z: 0.3000002}
  - {x: 0.40000153, y: 0, z: 0.3000002}
  - {x: 2.2000008, y: 1, z: 0.3000002}
  - {x: 2.2000008, y: 0, z: 0.3000002}
  - {x: 0.40000153, y: 1, z: -0.09999943}
  - {x: 0.40000153, y: 1, z: 0.3000002}
  - {x: 2.2000008, y: 1, z: -0.09999943}
  - {x: 2.2000008, y: 1, z: 0.3000002}
  m_Textures0:
  - {x: 0, y: 0}
  - {x: -0.40000153, y: 0}
  - {x: 0, y: 1}
  - {x: -0.40000153, y: 1}
  - {x: 0.40000153, y: 0}
  - {x: 0, y: 0}
  - {x: 0.40000153, y: 1}
  - {x: 0, y: 1}
  - {x: 0.3000002, y: 0}
  - {x: -0.09999943, y: 0}
  - {x: -0.09999943, y: 1}
  - {x: 0.3000002, y: 1}
  - {x: -0.09999943, y: 0}
  - {x: -3.6999998, y: 0}
  - {x: -3.6999998, y: 1}
  - {x: -0.09999943, y: 1}
  - {x: 3.6999998, y: 0}
  - {x: 0.09999943, y: 0}
  - {x: 0.09999943, y: 1}
  - {x: 3.6999998, y: 1}
  - {x: 0.09999943, y: 0}
  - {x: -0.3000002, y: 0}
  - {x: -0.3000002, y: 1}
  - {x: 0.09999943, y: 1}
  - {x: 0, y: 0.3000002}
  - {x: 0.40000153, y: 0.3000002}
  - {x: 0.40000153, y: -0.09999943}
  - {x: 0, y: -0.09999943}
  - {x: 0.40000153, y: -0.09999943}
  - {x: 0.40000153, y: -3.6999998}
  - {x: 0, y: -3.6999998}
  - {x: 0, y: -0.09999943}
  - {x: 0, y: -3.6999998}
  - {x: -0.40000153, y: -3.6999998}
  - {x: -0.40000153, y: -0.09999943}
  - {x: 0, y: -0.09999943}
  - {x: -0.40000153, y: -0.09999943}
  - {x: -0.40000153, y: 0.3000002}
  - {x: 0, y: 0.3000002}
  - {x: 0, y: -0.09999943}
  - {x: 0, y: 0}
  - {x: 0, y: 1}
  - {x: 1.7999992, y: 0}
  - {x: 1.7999992, y: 1}
  - {x: 0, y: 0.3000002}
  - {x: 0, y: -0.09999943}
  - {x: -1.7999992, y: 0.3000002}
  - {x: -1.7999992, y: -0.09999943}
  - {x: 0, y: 1}
  - {x: 0, y: 0}
  - {x: -1.7999992, y: 1}
  - {x: -1.7999992, y: 0}
  - {x: 0, y: -0.09999943}
  - {x: 0, y: 0.3000002}
  - {x: 1.7999992, y: -0.09999943}
  - {x: 1.7999992, y: 0.3000002}
  - {x: -0.40000153, y: 0.3000002}
  - {x: -0.40000153, y: -0.09999943}
  - {x: -2.2000008, y: 0.3000002}
  - {x: -2.2000008, y: -0.09999943}
  - {x: 0.40000153, y: 0}
  - {x: 0.40000153, y: 1}
  - {x: 2.2000008, y: 0}
  - {x: 2.2000008, y: 1}
  - {x: -0.40000153, y: 1}
  - {x: -0.40000153, y: 0}
  - {x: -2.2000008, y: 1}
  - {x: -2.2000008, y: 0}
  - {x: 0.40000153, y: -0.09999943}
  - {x: 0.40000153, y: 0.3000002}
  - {x: 2.2000008, y: -0.09999943}
  - {x: 2.2000008, y: 0.3000002}
  m_Textures2: []
  m_Textures3: []
  m_Tangents:
  - {x: -1, y: 0, z: 0, w: -1}
  - {x: -1, y: 0, z: 0, w: -1}
  - {x: -1, y: 0, z: 0, w: -1}
  - {x: -1, y: 0, z: 0, w: -1}
  - {x: 1, y: 0, z: 0, w: -1}
  - {x: 1, y: 0, z: 0, w: -1}
  - {x: 1, y: 0, z: 0, w: -1}
  - {x: 1, y: 0, z: 0, w: -1}
  - {x: 0, y: 0, z: 1, w: -1}
  - {x: 0, y: 0, z: 1, w: -1}
  - {x: 0, y: 0, z: 1, w: -1}
  - {x: 0, y: 0, z: 1, w: -1}
  - {x: 0, y: 0, z: 1, w: -1}
  - {x: 0, y: 0, z: 1, w: -1}
  - {x: 0, y: 0, z: 1, w: -1}
  - {x: 0, y: 0, z: 1, w: -1}
  - {x: 0, y: 0, z: -1, w: -1}
  - {x: 0, y: 0, z: -1, w: -1}
  - {x: 0, y: 0, z: -1, w: -1}
  - {x: 0, y: 0, z: -1, w: -1}
  - {x: 0, y: 0, z: -1, w: -1}
  - {x: 0, y: 0, z: -1, w: -1}
  - {x: 0, y: 0, z: -1, w: -1}
  - {x: 0, y: 0, z: -1, w: -1}
  - {x: 1, y: 0, z: 0, w: -1}
  - {x: 1, y: 0, z: 0, w: -1}
  - {x: 1, y: 0, z: 0, w: -1}
  - {x: 1, y: 0, z: 0, w: -1}
  - {x: 1, y: 0, z: 0, w: -1}
  - {x: 1, y: 0, z: 0, w: -1}
  - {x: 1, y: 0, z: 0, w: -1}
  - {x: 1, y: 0, z: 0, w: -1}
  - {x: -1, y: 0, z: 0, w: -1}
  - {x: -1, y: 0, z: 0, w: -1}
  - {x: -1, y: 0, z: 0, w: -1}
  - {x: -1, y: 0, z: 0, w: -1}
  - {x: -1, y: 0, z: 0, w: -1}
  - {x: -1, y: 0, z: 0, w: -1}
  - {x: -1, y: 0, z: 0, w: -1}
  - {x: -1, y: 0, z: 0, w: -1}
  - {x: -1, y: 0, z: 0, w: -1}
  - {x: -1, y: 0, z: 0, w: -1}
  - {x: -1, y: 0, z: 0, w: -1}
  - {x: -1, y: 0, z: 0, w: -1}
  - {x: 1, y: 0, z: 0, w: -1}
  - {x: 1, y: 0, z: 0, w: -1}
  - {x: 1, y: 0, z: 0, w: -1}
  - {x: 1, y: 0, z: 0, w: -1}
  - {x: 1, y: 0, z: 0, w: -1}
  - {x: 1, y: 0, z: 0, w: -1}
  - {x: 1, y: 0, z: 0, w: -1}
  - {x: 1, y: 0, z: 0, w: -1}
  - {x: -1, y: 0, z: 0, w: -1}
  - {x: -1, y: 0, z: 0, w: -1}
  - {x: -1, y: 0, z: 0, w: -1}
  - {x: -1, y: 0, z: 0, w: -1}
  - {x: -1, y: 0, z: 0, w: -1}
  - {x: -1, y: 0, z: 0, w: -1}
  - {x: -1, y: 0, z: 0, w: -1}
  - {x: -1, y: 0, z: 0, w: -1}
  - {x: 1, y: 0, z: 0, w: -1}
  - {x: 1, y: 0, z: 0, w: -1}
  - {x: 1, y: 0, z: 0, w: -1}
  - {x: 1, y: 0, z: 0, w: -1}
  - {x: -1, y: 0, z: 0, w: -1}
  - {x: -1, y: 0, z: 0, w: -1}
  - {x: -1, y: 0, z: 0, w: -1}
  - {x: -1, y: 0, z: 0, w: -1}
  - {x: 1, y: 0, z: 0, w: -1}
  - {x: 1, y: 0, z: 0, w: -1}
  - {x: 1, y: 0, z: 0, w: -1}
  - {x: 1, y: 0, z: 0, w: -1}
  m_Colors: []
  m_UnwrapParameters:
    m_HardAngle: 88
    m_PackMargin: 20
    m_AngleError: 8
    m_AreaError: 15
  m_PreserveMeshAssetOnDestroy: 0
  assetGuid: 
  m_IsSelectable: 1
  m_SelectedFaces: 
  m_SelectedEdges: []
  m_SelectedVertices: 
